2934 4900
218 239 260 296 54
726 253 818 300 ulam
840 254 879 300 111

214 402 333 468 simum
355 404 389 468 in
412 406 573 470 stabulum
596 404 736 470 concedo
759 406 814 470 ubi
837 407 935 472 alium
958 404 1055 471 etiam
1077 403 1207 470 Milonis
1230 404 1398 489 quondam

216 511 354 599 hospitis
382 515 445 579 mei
474 516 605 582 asinum
632 517 849 582 stabulantem
878 514 1000 582 inueni.
1037 522 1135 600 atque
1164 534 1223 598 ego
1246 515 1344 580 rebar
1367 517 1398 581 si

217 623 302 707 quod
318 624 440 691 inesset
454 625 550 691 mutis
566 626 762 694 animalibus
777 628 909 693 tacitum
928 646 967 691 ao
982 627 1129 692 naturale
1145 632 1397 706 sacramentum,

215 734 381 817 agnitione
403 755 441 800 ac
462 736 668 802 miseratione
691 738 831 822 quadam
852 738 1017 804 inductum
1033 757 1149 821 equum
1172 737 1265 801 illum
1285 756 1398 801 mcum

215 843 391 928 hospitium
419 865 457 912 ac
479 847 557 922 ‚loca
585 849 675 914 lauta
703 849 782 914 mihi
806 833 1041 934 praebiturum.
1079 846 1136 914 sed
1167 868 1226 932 pro
1247 848 1427 932 Iuppiter5

215 953 389 1040 hospitalis
410 961 442 1022 et
463 958 557 1023 Fidei
580 967 704 1024 secreta
718 960 867 1024 numina!
890 961 1076 1044 praeclarus
1099 958 1154 1022 ille
1169 963 1279 1022 uector
1301 977 1397 1024 meus

215 1083 287 1129 cum
317 1066 409 1132 asino
439 1070 547 1156 capita
576 1071 743 1134 conterunt
771 1070 805 1135 in
827 1089 996 1154 meamque
1023 1067 1199 1154 pernicicm
1222 1069 1297 1133 ilico
1321 1087 1398 1133 con-

216 1175 358 1242 sentiunt
390 1184 423 1243 et
448 1186 599 1246 ucrentes
633 1181 754 1247 scilicet
782 1180 913 1247 cibariis
947 1179 1013 1246 suis
1046 1179 1102 1243 uix
1134 1198 1185 1244 me
1217 1180 1397 1263 praesepio
1459 1166 1460 1221 l

186 1299 187 1302 ’
214 1283 325 1350 uidere
360 1288 611 1371 proximantem,
650 1290 783 1356 deiectis
819 1290 952 1357 auribus
988 1290 1052 1355 iam
1090 1289 1231 1355 furentes
1263 1289 1398 1354 infestis

128 1417 134 1426 ·
214 1395 356 1464 calcibus
384 1398 579 1466 insecuntur.
631 1407 662 1466 ct
696 1401 810 1485 abigor
837 1421 934 1485 quam
962 1401 1073 1485 procul
1102 1401 1143 1465 ab
1171 1398 1269 1464 ordeo
1307 1397 1398 1482 qnod
1418 1403 1439 1450 ll

216 1502 431 1590 adposueram
468 1512 596 1595 uesperi
632 1513 713 1578 meis
750 1512 899 1578 manibus
940 1511 988 1577 illi
1029 1510 1213 1594 gratissimo
1261 1510 1397 1574 famulo.

61 1608 189 1676 XXVII
212 1616 258 1681 sic
291 1617 436 1686 adlectus
475 1628 571 1706 atque
613 1622 646 1687 in
679 1622 884 1689 solitudinem
923 1623 1085 1705 relegatus
1118 1623 1238 1704 angulo
1272 1621 1398 1686 stabuli

216 1747 448 1796 concesseram.
485 1730 625 1814 dumque
647 1732 688 1811 de
703 1733 878 1800 insolentia
899 1733 1095 1817 collegarum
1109 1752 1252 1797 meorum
1267 1749 1398 1796 mecum

216 1839 320 1922 cogito
341 1821 450 1924 ¹atque
483 1842 516 1907 in
550 1845 686 1908 alterum
720 1844 807 1910 diem
836 1844 958 1908 auxilio
991 1843 1115 1909 rosario
1137 1843 1255 1908 Lucius
1283 1840 1397 1906 denuo
1413 1843 1454 1910 [¹¹³

216 1948 341 2016 futurus
364 1951 439 2035 equi
460 1951 574 2037 perfidi
599 1954 776 2019 uindictam
797 1954 949 2034 meditor,
983 1953 1121 2038 respicio
1143 1953 1231 2038 pilae
1253 1950 1397 2032 mediae,
1415 1948 1438 1994 ¹³

217 2081 300 2142 quae
324 2061 442 2127 stabuli
464 2063 573 2130 trabes
596 2065 793 2148 sustinebat,
816 2065 850 2129 in
873 2065 945 2149 ipso
967 2064 1034 2130 lere
1055 2063 1233 2130 meditullio
1254 2063 1397 2146 Eponae
1460 2142 1461 2147 ἵ

217 2170 298 2236 deae
321 2172 526 2237 simulacrum
548 2174 696 2242 residens
718 2175 885 2240 aediculae
915 2174 1000 2259 quod
1022 2180 1171 2240 accurate
1192 2173 1321 2238 corollis
1348 2193 1398 2237 ro·

218 2280 453 2365 seisequidem
485 2285 668 2352 recentibus
690 2287 795 2351 iuerat
817 2292 973 2351 ornatum.
1010 2283 1150 2367 denique
1171 2285 1281 2368 agnito
1304 2285 1398 2348 salu·
1460 2280 1461 2335 ἶ

216 2391 278 2456 tari
300 2391 464 2477 praesidio
485 2415 606 2479 pronus
630 2397 700 2482 spei
723 2403 878 2482 quantum
903 2396 1047 2464 extensis
1069 2395 1230 2479 prioribus
1252 2393 1397 2479 pedibus

217 2502 320 2567 adniti
342 2508 496 2588 poteram,
531 2506 664 2593 insurgo
697 2508 805 2573 ualido
828 2515 860 2573 ct
882 2508 1006 2573 ceruice
1034 2508 1162 2592 prolixa
1192 2505 1398 2591 nimiumque
1415 2512 1438 2559 p

216 2613 371 2697 porrectis
394 2614 478 2681 labis
494 2625 613 2701 quanto
629 2620 770 2684 maxime
783 2619 857 2685 nisu
873 2625 1018 2703 poteram
1034 2619 1171 2683 corollas
1186 2616 1397 2701 adpetebam.

218 2722 302 2806 quod
324 2744 376 2789 me
404 2704 547 2808 pessima
576 2728 698 2794 scilicet
726 2735 813 2798 sorte
843 2735 1012 2794 conantem
1042 2729 1190 2796 seruulus
1219 2748 1309 2793 meus
1344 2729 1396 2793 cui

215 2853 343 2918 semper
364 2836 438 2918 equi
460 2858 538 2903 cura
553 2839 705 2904 mandata
726 2840 839 2922 fuerat,
862 2846 995 2925 repente
1015 2840 1216 2923 conspiciens
1243 2837 1397 2920 indigna·

215 2961 266 3017 tus
290 2954 414 3037 exurgit
438 2957 469 3015 et
487 2945 570 3035 ‘quo
585 2970 686 3035 usque
701 2946 847 3015 tandem’
865 2950 968 3032 inquit
987 2944 1208 3015 ‘cantherium
1229 2950 1397 3033 patiemur

216 3063 311 3128 istum
334 3065 430 3148 paulo
453 3068 528 3127 ante
559 3061 688 3127 cibariis
717 3061 953 3141 iumentorum,
981 3080 1067 3125 nuuc
1089 3060 1187 3125 etiam
1209 3060 1396 3126 simulacris
1413 3068 1437 3115 li

216 3173 348 3239 deorum
382 3172 557 3238 infestum?
603 3172 679 3253 quin
715 3172 780 3236 iam
814 3191 874 3254 ego
903 3171 1000 3237 istum
1029 3171 1221 3253 sacrilegum
1250 3169 1395 3235 debilem

217 3283 428 3365 claudumque
450 3278 600 3349 reddam’
624 3290 656 3347 et
672 3284 780 3348 statim
796 3283 896 3347 telum
918 3280 1050 3365 aliquod
1064 3281 1252 3365 quaeritans
1269 3287 1397 3346 temere
1461 3271 1462 3356 l

217 3394 336 3459 fascem
359 3394 517 3477 lignorum
533 3386 673 3478 positum
696 3390 829 3458 offendit
845 3392 1043 3476 rimatusque
1064 3391 1250 3456 frondosum
1272 3390 1395 3458 fustem

219 3504 341 3569 cunctis
364 3504 537 3569 castiorem
561 3524 625 3569 non
647 3504 738 3589 prius
762 3503 914 3569 miserum
937 3522 988 3567 me
1009 3501 1145 3567 tundere
1173 3500 1271 3567 desiit
1292 3520 1395 3583 quarn

217 3612 323 3677 sonitu
360 3613 544 3679 uehementi
573 3621 604 3679 et
631 3615 722 3697 largo
753 3613 889 3698 strepitu
921 3612 1085 3714 percussis
1119 3612 1244 3694 ianuis,
1264 3612 1395 3697 trepido
1411 3615 1436 3663 3⁰

223 3722 319 3787 etiam
343 3744 468 3791 rumore
489 3724 628 3789 uiciniae
652 3724 859 3791 conclamatis
885 3724 1064 3789 latronibus
1085 3723 1226 3807 profugit
1247 3722 1395 3788 territus.

290 3938 339 3986 lu
358 3935 386 3987 in
404 3929 458 3987 alid
476 3934 503 3987 in
527 3948 582 3987 rcs.
607 3934 634 3986 in
653 3932 684 3987 F.
702 3934 794 4001 aluip
886 3935 973 3986 lmer
989 3963 999 3982 ι
1017 3931 1082 3996 (uid.
1105 3931 1194 4001 fuisse
1212 3932 1232 3996 i)
1249 3930 1281 3994 F,
1299 3946 1393 3999 merp

220 4025 354 4080 mordeo
376 4028 417 4082 sic
434 4026 462 4079 F
562 4030 592 4079 18
611 4032 638 4080 et
661 4026 768 4095 quidem
792 4027 907 4080 coniecit
928 4024 1145 4080 Hildebrcndics
1229 4024 1342 4093 adgnrto
1361 4025 1393 4085 F,

218 4123 348 4189 agnrtop
435 4124 467 4171 ‘26
486 4136 522 4189 qn
539 4135 592 4173 ram
608 4137 697 4190 paene
710 4136 830 4191 prorsam
846 4125 1020 4172 monument
1044 4120 1071 4171 in
1090 4118 1123 4183 F,
1147 4134 1181 4188 qn
1199 4113 1263 4186 rip
1361 4122 1392 4171 27

219 4216 307 4279 querrt
325 4213 374 4265 ani
389 4227 476 4266 emere
494 4212 552 4277 (sed
568 4228 602 4266 an
619 4215 681 4285 fere
698 4213 826 4278 ononida)
845 4212 961 4283 Rqrrto
981 4228 1068 4266 emere
1094 4214 1142 4271 (tta
1154 4212 1286 4283 primr'tus
1301 4210 1394 4280 facisse

216 4304 334 4369 uidetur)
353 4322 422 4359 corr.
448 4306 476 4359 in
492 4308 595 4375 qmtcnt
610 4312 710 4362 temere
734 4308 762 4361 in
781 4328 800 4377 φ
888 4312 920 4361 30
939 4308 1051 4375 strepitu
1069 4325 1103 4374 c:
1128 4306 1224 4376 ttcprtu
1241 4305 1270 4358 F
1361 4310 1388 4359 31

217 4412 304 4467 urcmq
323 4398 354 4461 F,
373 4414 496 4469 urcrnep
