2934 4900
531 221 604 284 cnr.
628 221 769 270 v1-v111
1152 209 1254 284 139.
1311 294 1312 297 ¹

56 381 173 442 ctuoso
197 373 360 440 desiderio
395 381 426 440 ct
457 374 615 458 imagines
648 373 806 457 defuncti,
841 397 922 460 quas
950 375 992 441 ad
1014 374 1159 469 habitum
1181 373 1235 441 dei

57 484 172 551 Liberi
195 485 404 568 formauerat,
438 484 545 550 adfixo
568 485 699 552 seruitio
722 485 843 552 diuinis
871 487 1039 569 percolens
1059 485 1235 550 honoribus
1263 490 1266 494 ‘

56 596 130 680 ipso
155 614 231 661 sese
254 595 374 661 solacio
397 596 569 660 cruciabat.
593 595 786 682 Thrasyllus
808 615 965 681 praeceps
981 597 1124 680 alioquin
1147 595 1233 660 etde
1254 598 1334 664 VIII

57 707 131 790 ipsc
155 696 289 771 nomine
310 706 501 772 temerarius
523 707 720 791 priusquam
733 705 876 773 dolorem
904 708 1058 772 lacrimae
1080 708 1236 801 satiarent

21 833 38 881 5
57 823 86 880 et
109 817 260 899 percitae
282 817 398 882 mentis
421 817 577 883 resideret
598 819 700 900 furor,
733 824 766 883 et
793 819 826 882 in
850 837 923 884 sese
944 818 1120 883 nimietatis
1144 818 1253 887 senio.

57 928 257 993 lassesceret
278 928 400 1008 luctus,
432 927 537 991 adhuc
558 927 688 993 flentem
712 929 870 1009 maritum,
894 928 1000 992 adhuc
1023 931 1131 995 uestes
1152 929 1235 992 lace-

58 1043 199 1119 rantem,
224 1035 330 1101 adhuc
353 1037 489 1123 capillos
512 1038 749 1104 distrahentem·
775 1058 840 1104 non
868 1038 1029 1104 dubitauit
1049 1037 1091 1103 de
1112 1038 1234 1122 nuptiis

58 1147 237 1212 conuenire
260 1154 291 1211 et
312 1147 534 1232 impudentiae
557 1149 630 1214 labe
652 1150 750 1214 tacita
771 1149 911 1234 pectoris
934 1151 984 1215 sui
1007 1154 1131 1215 secreta
1151 1149 1235 1212 frau-

59 1255 187 1338 desque
219 1257 401 1324 ineffabiles
431 1257 592 1342 detegere.
631 1259 690 1324 sed
712 1258 843 1324 Charite
866 1278 977 1324 uocem
1006 1257 1181 1324 nefandam
1203 1264 1236 1322 et

12 1379 41 1428 tc
58 1366 188 1431 horruit
211 1373 243 1432 et
265 1367 426 1434 detestata
454 1378 503 1435 est
526 1376 557 1434 et
579 1371 666 1434 uelut
694 1371 788 1452 graui
814 1371 934 1434 tonitru
967 1371 1172 1454 procellaque
1194 1367 1235 1434 si·

59 1475 148 1544 deris
173 1478 226 1541 uel
249 1479 346 1542 etiarn
369 1478 440 1563 ipso
471 1479 549 1544 diali
578 1480 711 1544 fulmine
740 1499 894 1564 percussa
919 1483 1037 1545 corruit
1065 1499 1181 1563 corpus
1203 1485 1236 1543 et

60 1588 268 1654 obnubilauit
290 1589 441 1654 animam.
474 1589 532 1654 sed
555 1591 725 1655 interuallo
748 1592 971 1656 reualescente
993 1591 1149 1676 paulatim
1172 1589 1235 1673 spi-

59 1699 123 1762 ritu
146 1699 269 1764 ferinos
292 1700 432 1783 mugitus
454 1700 575 1766 iterans
604 1702 701 1764 etiam
734 1720 884 1766 scaenam
914 1701 1049 1785 pessimi
1070 1698 1236 1783 Thrasylli

15 1862 42 1910 15
59 1809 265 1892 perspiciens
301 1808 344 1873 ad
380 1811 490 1874 limam
528 1811 654 1876 consilii
691 1811 886 1878 desiderium
922 1813 1069 1895 petitoris
1102 1809 1234 1875 distulit.

9 1926 41 1994 11]
59 1927 137 1984 tunc
159 1920 245 2000 inter
266 1939 375 1985 moras
398 1921 511 1985 umbra
541 1921 598 1985 illa
625 1922 741 1986 misere
768 1922 917 1987 trucidati
940 1923 1120 2007 Tlepolemi
1143 1921 1242 1987 sanie·

60 2035 228 2094 cruentam
244 2036 275 2095 et
296 2030 421 2113 pallore
436 2030 611 2096 deformem
628 2033 778 2099 attollens
800 2034 915 2098 faciem
931 2034 1069 2116 quietem
1084 2033 1235 2118 pudicam

60 2139 249 2224 interpellat
271 2141 381 2206 uxoris

144 2245 208 2315 ‘Mi
232 2251 349 2316 coniux
371 2251 456 2333 quod
472 2253 530 2316 tihi
551 2273 683 2338 prorsus
699 2254 742 2317 ab
764 2255 830 2318 alio
852 2252 917 2318 dici
938 2275 1002 2319 non
1018 2255 1146 2334 licebit,¹
1159 2262 1190 2318 et
1206 2252 1234 2318 si

61 2361 186 2445 pectori
209 2367 263 2426 tuo
286 2362 351 2426 iam
373 2357 563 2445 permaneat
585 2365 687 2429 nostri
710 2367 865 2429 memoria
887 2366 940 2430 uel
962 2365 1097 2429 acerbae
1120 2365 1234 2430 mortis

13 2470 43 2519 ²0
61 2492 155 2537 meae
170 2491 266 2538 casus
281 2471 393 2537 foedus
409 2474 552 2540 caritatis
575 2474 746 2557 intercidit,
770 2478 884 2557 quouis
907 2478 971 2541 alio
993 2477 1119 2541 felicius
1142 2476 1236 2540 mari·

60 2590 141 2664 tare,
164 2581 262 2647 modo'
281 2602 322 2647 ne
343 2584 378 2647 in
401 2584 566 2669 Thrasylli
588 2606 717 2650 manum
734 2588 925 2671 sacrilegam
941 2588 1125 2668 conuenias,
1149 2606 1233 2651 neue

62 2713 245 2759 sermonem
268 2694 415 2760 conferas
438 2714 656 2760 reomensem
673 2700 845 2764 accumbas
867 2718 927 2763 nec
948 2706 1016 2762 toro
1032 2696 1233 2781 adquiescas.

62 2804 138 2885 fuge
166 2801 229 2866 mei
257 2805 457 2887 percussoris
488 2813 652 2870 cruentam
674 2807 852 2874 dexteram.
895 2808 961 2873 noli
983 2808 1157 2893 parricidio
1179 2828 1235 2871 nu-

61 2914 149 2996 ptias
172 2913 502 3017 auspicari3uulncra
523 2916 589 2999 illa,
613 2938 747 3001 quorum
770 2919 958 3000 sanguinem
987 2926 1061 2981 tuae
1083 2918 1235 2981 lacrimae

16 3028 43 3077 15
63 3025 269 3109 prolucrunt,
303 3045 368 3088 non
399 3035 473 3090 sunt
501 3034 568 3092 tcta
597 3026 742 3093 dentium
769 3030 905 3093 uulnera
935 3026 993 3092 sed
1022 3029 1137 3093 lancea
1157 3028 1235 3091 mali

66 3306 366 3316 ,ρῳ-

102 3474 107 3481 ’
138 3490 148 3538 1
168 3484 235 3554 qual
249 3487 283 3541 ad
301 3487 422 3563 habrtum
441 3488 483 3543 der
507 3494 534 3544 lc
551 3507 633 3545 marcu
651 3508 703 3546 sec.
727 3494 755 3546 in
778 3494 887 3550 brocost
905 3512 941 3560 p:
967 3508 1003 3560 qu
1020 3492 1045 3542 F
1129 3496 1144 3543 2
1163 3489 1236 3543 fora-

64 3584 145 3634 uerat
169 3580 211 3647 qu
304 3582 411 3635 ferurtro
441 3581 540 3636 drurnrf
565 3586 705 3651 percolens
727 3592 754 3651 (a
781 3603 863 3641 manu
896 3601 948 3639 sec.
978 3586 1006 3638 ia
1033 3585 1141 3648 lacuna)
1167 3601 1204 3650 qr:
1226 3582 1239 3637 f

66 3672 198 3742 {sequitur
216 3672 314 3727 lacuna
334 3677 365 3727 19
382 3676 428 3729 uel
451 3677 485 3729 20
503 3676 663 3743 litterarum)
690 3681 714 3730 F
800 3683 815 3733 3
837 3680 929 3732 folat1o
948 3678 1087 3731 cruciabat
1112 3682 1238 3747 <praeter

64 3766 124 3821 fola
141 3782 157 3818 a
173 3782 255 3819 manu
272 3782 324 3822 seo.
343 3769 370 3821 in
389 3768 496 3833 foruna,
515 3769 612 3825 driade
629 3789 646 3823 u
663 3789 746 3825 moue
758 3774 863 3843 prenso)
882 3770 1022 3839 tharfylluf
1039 3791 1074 3839 qo:
1099 3771 1169 3825 folac
1187 3772 1208 3832 ll
1225 3801 1236 3811 ·

63 3876 139 3917 curro
156 3848 191 3911 ’22
217 3858 377 3927 litterarum)
395 3862 516 3931 ralfylluf
540 3865 565 3915 F
648 3866 769 3934 ahoquin
779 3871 813 3919 -ct
842 3867 874 3920 de
894 3885 937 3935 rpo
956 3871 1017 3923 nore
1036 3867 1074 3924 tic
1094 3866 1193 3919 lamella
1219 3882 1237 3951 (1

65 3994 150 4035 aaaron
166 3978 285 4033 secunda
306 3986 420 4049 praeter
438 3982 501 4047 alio)
520 4002 555 4051 q:
581 3984 632 4038 ahc
651 3985 680 4038 F
772 3991 802 4039 10
823 3950 915 4041 tonfru
934 3990 962 4053 F,
981 3995 1121 4053 tonrtruqr
1206 3987 1236 4035 13

65 4072 166 4128 rteranf
188 4071 229 4124 F:
255 4074 429 4142 rerteranfqr
518 4081 546 4128 15
569 4077 638 4131 sanie
656 4078 808 4133 Maerens:
833 4083 894 4135 fane
919 4083 962 4151 qu
1059 4086 1087 4135 le
1111 4083 1237 4147 111111111θᾶ1

64 4186 104 4238 φ·
121 4168 229 4233 pmanat
246 4166 271 4216 F
337 4180 434 4236 acerne
452 4168 485 4232 F,
504 4170 600 4240 acerbe
617 4172 642 4240 f,
661 4187 796 4241 acerueqr
882 4180 914 4229 20
932 4174 1011 4241 feduf
1026 4178 1052 4227 F
1124 4180 1156 4227 24
1174 4179 1237 4226 tuae

66 4258 188 4315 Kellios.-
212 4258 246 4311 he
265 4259 303 4321 (tc
327 4258 427 4313 facona
451 4278 468 4314 c
493 4279 574 4315 mono
598 4264 727 4330 recaredo)
752 4282 813 4337 Μ
838 4269 863 4319 F
949 4274 980 4322 25
1001 4269 1113 4322 uulnera
1137 4266 1181 4320 fed
1199 4286 1235 4334 qo:

67 4352 115 4409 uul
135 4352 156 4403 F
813 4352 814 4355 ’
