2934 4900
512 246 585 294 cnr.
608 245 763 293 vn1-xn
1182 229 1223 290 45

54 397 180 481 gelidus
209 397 292 464 nihil
322 418 414 464 secus
444 419 539 483 quarn
567 417 634 464 una
661 398 701 464 de
730 397 846 464 ceteris
873 397 990 463 theatri
1024 398 1138 463 statuis
1171 396 1224 461 uel

55 509 221 576 columnis.
259 527 319 574 uec
349 508 438 594 prius
461 510 502 574 ab
525 509 636 574 inieris
666 509 783 574 emersi
816 528 913 591 quam
934 507 1011 572 Milo
1033 504 1153 590 hospes
1174 526 1224 570 ac·

55 619 153 684 cessit
175 625 207 684 et
228 619 347 685 iniecta
369 639 467 685 manu
488 639 540 686 me
562 619 753 708 renitentem
774 618 978 702 lacrimisque
1007 638 1132 684 rursum
1154 637 1225 700 pro·

55 728 247 794 micantibus
275 729 389 795 crebra
417 731 655 814 singultientem
684 729 832 795 clementi
860 729 1015 794 uiolentia
1037 747 1146 794 secum
1168 725 1225 791 ad-

18 807 38 937 s}
55 839 151 904 traxit
173 845 207 903 et
226 838 408 906 obseruatis
436 840 510 906 uiae
533 839 761 907 solitudinibus
793 859 851 925 per
873 836 1029 924 quosdam
1052 838 1225 903 amfractus

55 948 184 1014 domurn
208 969 299 1015 suam
322 950 473 1035 perduxit
500 956 722 1034 maestumque
750 956 920 1034 meatque
944 949 1040 1014 etiam
1063 955 1138 1014 tune
1160 954 1226 1013 tre-

55 1058 164 1142 pidum
193 1060 294 1127 uariis
323 1062 445 1127 solatur
458 1059 633 1126 affatibus.
674 1068 868 1126 nec‘tamen
896 1058 1151 1142 indignationem
1180 1059 1226 1123 in-

55 1169 156 1234 iuriae
185 1189 269 1254 quae
290 1171 476 1237 inhaeserat
504 1170 601 1237 altius
623 1191 694 1236 meo
717 1171 854 1255 pectori,
883 1170 948 1234 ullo
970 1168 1066 1234 modo
1087 1169 1227 1252 permul-

56 1299 124 1345 cere
148 1279 261 1362 quiuit.
307 1300 381 1346 ecce
408 1281 482 1345 ilico
512 1283 608 1346 etiam
637 1282 701 1365 ipsi
730 1280 937 1364 magistratus
968 1298 1038 1344 curn
1061 1279 1128 1345 suis
1150 1279 1227 1343 insi·
1248 1282 1296 1346 XI

15 1407 40 1455 ro
56 1390 171 1473 gnibus
200 1389 329 1455 domurn
358 1398 501 1458 nostram
529 1392 668 1474 ingressi
697 1390 816 1457 talibus
844 1410 896 1456 me
925 1389 1054 1455 monitis
1083 1388 1226 1454 delenire

55 1501 197 1583 gestiunt

134 1605 263 1695 ‘Neque
286 1619 359 1677 tuae
381 1611 549 1696 dignitatis
579 1613 630 1675 uel
660 1612 757 1677 etiarn
779 1611 953 1695 prosapiae
974 1616 1098 1674 tuorum
1120 1607 1227 1691 ignari

57 1741 174 1802 sumus,
198 1695 278 1786 dei
293 1721 431 1788 domine.
468 1743 544 1787 narn
566 1727 597 1788 et
619 1721 817 1806 prouinciam
832 1727 931 1785 totam
952 1720 1082 1784 inclitae
1098 1725 1226 1784 uestrae

56 1831 198 1897 familiae
229 1831 380 1899 nobilitas
410 1833 628 1918 conplectitur.
666 1851 704 1896 ac
731 1851 774 1896 ne
801 1831 888 1898 istud
911 1829 997 1930 quod
1018 1829 1227 1895 uehementer

17 1953 40 2000 rt
57 1941 250 2024 ingemiscis,
274 1944 485 2008 contumeliae
509 1962 607 2008 causa
629 1936 803 2027 perpessus
825 1961 870 2008 es.
904 1960 1030 2006 omnem
1052 1941 1161 2023 itaque
1185 1938 1226 2004 de

57 2060 106 2116 tuo
128 2059 259 2136 pectore
287 2061 490 2137 praesentem
519 2051 748 2119 tristitudinem
777 2053 867 2117 mitte
890 2059 922 2117 et
943 2069 1095 2134 angorem
1125 2049 1225 2114 animi

59 2161 193 2246 depelle.
232 2182 305 2228 uam
333 2165 424 2230 lusus
453 2164 531 2246 iste,
555 2182 655 2248 ‚quern
684 2163 812 2247 publice
840 2161 1023 2246 gratissimo
1052 2161 1112 2225 deo
1133 2161 1223 2227 Risui

58 2292 112 2355 per
141 2293 253 2339 annua
282 2275 473 2340 reuertioula
506 2274 702 2342 sollemniter
734 2272 950 2349 celebramus,
983 2291 1110 2357 semper
1143 2290 1226 2335 com·

58 2384 155 2448 menti
177 2384 321 2451 nouitate
344 2385 493 2453 florescit.
532 2385 593 2452 iste
615 2383 694 2452 deus
718 2390 750 2450 et
771 2389 932 2448 auctorem
955 2403 1048 2448 suum
1068 2381 1226 2468 propitius

16 2502 42 2552 lo
58 2494 175 2578 ubique
198 2494 402 2562 comitabitur
424 2502 571 2563 amanter
591 2514 651 2561 nec
674 2515 815 2579 unquam
838 2495 978 2579 patietur
1000 2500 1035 2558 ut
1056 2513 1097 2559 ex
1118 2494 1226 2559 animo

59 2604 166 2671 doleas
183 2604 240 2669 sed
262 2606 398 2672 frontem
418 2614 507 2673 tuam
530 2626 646 2673 serena
660 2612 830 2672 uenustate
852 2605 987 2670 lactabit
1007 2603 1154 2670 adsidue.
1188 2624 1227 2669 ac

58 2713 111 2778 tibi
126 2716 242 2780 ciuitas
264 2718 368 2783 omnis
383 2739 442 2802 pro
463 2718 526 2784 ista
547 2717 651 2801 gratia
666 2716 805 2783 bonores
828 2715 975 2799 egregios
991 2706 1114 2779 obtulit'.
1150 2736 1226 2779 nam

59 2830 88 2888 et
107 2832 280 2909 patronum
303 2828 431 2913 scripsit
452 2834 483 2892 et
505 2827 593 2892 utin
617 2846 691 2892 aere
714 2833 777 2892 stet
797 2826 904 2909 imago
926 2831 982 2889 tua
1004 2818 1168 2890 decreuit’

137 2934 192 3001 Ad
213 2936 294 3003 haec¹
315 2936 402 3002 dicta
424 2937 581 3005 sermonis
604 2938 706 3001 uicem
729 2936 833 3000 refero
851 2931 923 2999 ‘tibi
938 2926 1077 3017 quidem'
1094 2935 1227 3018 inquam

17 3052 41 3102 25
57 3036 330 3128 ‘splendidissima
358 3054 389 3112 et
418 3049 514 3113 unica
541 3046 734 3113 Thessaliae
763 3045 891 3127 ciuitas,
927 3044 1084 3110 honorum
1113 3044 1225 3109 talium

59 3175 165 3237 parem
181 3158 319 3241 gratiam
342 3158 482 3223 memini.
520 3178 631 3224 uerum
649 3163 774 3223 statuas
797 3162 829 3221 et
850 3156 1009 3239 imagines
1024 3153 1226 3237 dignioribus

60 3267 184 3351 meique
205 3268 381 3334 maioribus
403 3288 571 3335 reseruare
594 3260 739 3334 suadeo'

138 3378 194 3443 Sic
222 3377 380 3463 pudenter
408 3380 565 3445 allocutus
588 3386 619 3443 et
641 3378 808 3463 paulisper
834 3374 938 3440 hilaro
959 3375 1050 3439 uultu
1072 3374 1222 3442 renidens
1245 3378 1309 3466 ΧΠ

59 3495 273 3571 quantumque
301 3496 446 3573 poteram
470 3489 634 3555 laetiorem
656 3509 707 3554 me
729 3487 894 3571 refingens
917 3486 1048 3551 comiter
1069 3485 1226 3552 abeuntes

17 3596 44 3647 30
58 3598 262 3679 magistratus
296 3600 434 3683 appello.
483 3605 515 3665 et
545 3618 618 3665 ecee
652 3598 782 3683 quidam
815 3598 899 3663 intro
928 3616 1058 3663 currens
1087 3595 1226 3662 famulus

61 3790 357 3805 ——-—————

124 3897 134 3944 1
155 3893 238 3945 mehrl
256 3892 284 3946 F
348 3888 402 3947 und
420 3893 452 3956 F,
471 3898 524 3947 una
542 3891 601 3947 tscd
617 3892 715 3946 lineola
732 3908 830 3946 rursus
847 3891 982 3959 dclctalp
1064 3890 1180 3943 hmrlon
1199 3894 1227 3952 (n

60 3982 85 4033 iu
102 4000 156 4038 ras.
178 3985 241 4039 add.
260 4004 332 4040 maa.
349 3988 492 4041 recentior)
510 3986 542 4049 F,
562 3986 661 4054 11111οφ
748 3990 765 4038 4
784 3986 963 4053 singultientes
979 3983 1011 4036 F¹
1029 3986 1058 4051 φ’
1144 3988 1158 4035 5
1178 3983 1227 4036 ob·

62 4074 156 4130 leruatr
175 4079 227 4132 iuri
243 4097 260 4133 c
278 4096 360 4134 mana
377 4082 528 4134 recentiore
546 4095 616 4134 corr.
638 4080 666 4133 in
684 4078 838 4132 obseruatrl
854 4092 898 4132 ure
916 4078 945 4131 in
962 4076 994 4139 F,
1013 4076 1226 4144 obseruatriurp

64 4196 90 4245 15
108 4196 263 4263 rugemeicrl
279 4197 323 4268 Fp
413 4203 440 4251 tl
461 4161 494 4252 d>
513 4199 576 4251 rrlur
594 4198 625 4260 F,
652 4158 788 4267 ddnsurp
879 4200 907 4250 to
921 4200 987 4267 pest
1009 4168 1120 4250 auctord
1139 4194 1227 4250 deleta

62 4274 150 4358 ditor&
167 4305 196 4343 rn
212 4290 245 4357 F,
262 4290 311 4347 sed
327 4292 454 4363 legantur
471 4292 495 4344 8⁵
513 4277 624 4345 auctord
637 4292 665 4345 in
683 4311 703 4361 φ
791 4295 822 4345 23
843 4288 943 4357 icrrpht
953 4305 1024 4344 corr.
1039 4289 1066 4341 in
1086 4288 1188 4342 lcrrbht
1198 4289 1228 4342 ia

66 4382 91 4433 F
154 4399 209 4437 .ere
227 4387 326 4456 {potuit
343 4402 400 4440 csse
417 4385 445 4452 h)
463 4385 495 4449 F,
513 4400 568 4440 ere
586 4384 652 4455 (suit
668 4400 693 4443 al
713 4404 733 4453 φ
