2934 4900
550 239 622 287 oar.
646 239 758 288 ι-ιιιι
979 201 985 212 ’
1184 217 1243 291 irs

68 410 185 456 uerum
208 391 304 456 etiarn
326 389 533 476 parricidium
563 393 700 476 quisque
720 392 840 459 rectius
862 393 1045 458 nominarit.
1083 414 1143 459 nec
1164 396 1243 461 mihi

68 507 183 567 tamen
204 501 323 566 licebat
345 521 475 568 cansam
498 521 602 567 meam
617 501 791 568 defendere
813 504 865 567 uel
887 504 982 570 unico
1004 504 1104 569 uerbo
1128 493 1244 572 saltem

19 611 247 706 ..denegare
282 611 420 693 denique
447 632 489 677 ne
522 613 609 676 mala
639 613 838 678 conscientia
865 622 930 678 tam
961 615 1097 682 scelesto
1119 617 1244 682 crimini

66 740 229 807 praeseus
261 722 390 788 uiderer·
419 723 547 796 silentio
577 723 773 806 consentire,
802 723 864 788 hoc
891 730 1015 789 tantum
1051 712 1245 811 inpatientia

35 848 48 894 5
67 831 245 919 perductus
268 831 355 897 uolui
378 832 483 897 dicere
502 828 585 898 ‘non
608 826 696 898 feci'
735 840 768 898 et
795 834 929 899 uerbum
960 835 1091 919 quidem
1112 857 1245 921 pracce-
1315 833 1319 846 “

13 941 48 1000 aa]
67 943 153 1010 dens
175 945 274 1029 semel
296 961 335 1008 ac
357 943 487 1027 saepius
507 942 667 1008 inmodice
688 943 870 1027 clamitem,
894 964 1033 1026 sequens
1056 966 1133 1012 uero
1155 947 1244 1012 nullo

67 1059 166 1136 pacto
182 1052 342 1119 disserere
365 1053 453 1138 potui
476 1051 589 1119 sedin
612 1054 717 1138 prima
739 1055 990 1134 remansi'uoce‚
1014 1063 1046 1121 et
1067 1056 1243 1122 identidem

68 1163 169 1229 boaui
189 1157 273 1228 ‘non
296 1156 374 1228 non'
400 1182 592 1247 quamquam
604 1163 705 1229 nimia
727 1164 923 1231 rotunditate
945 1165 1106 1251 pendulas
1120 1166 1244 1232 uibras·

69 1295 139 1340 sem
163 1275 279 1340 labias.
311 1272 369 1340 sed
392 1272 470 1358 quid
492 1292 551 1357 ego
574 1274 721 1358 pluribus
744 1266 785 1339 de
807 1275 970 1341 Fortunae
992 1276 1150 1342 saeuitate
1172 1296 1245 1341 con-

23 1399 50 1446 ιο
68 1386 211 1468 queror?
231 1379 427 1468 ‘quamquam
449 1403 509 1448 nec
530 1383 617 1450 istud
631 1385 745 1468 puduit
765 1404 817 1450 me
839 1404 910 1449 cum
933 1405 1004 1451 rneo
1020 1386 1145 1451 famulo
1159 1405 1244 1452 meo·
1328 1407 1333 1433 ι

68 1516 133 1579 que
157 1500 284 1560 uectore
305 1495 360 1560 illo
383 1513 465 1579 equo
486 1495 606 1559 factum
629 1513 818 1561 couseruum
840 1502 937 1579 atque
958 1496 1136 1579 coniugem.
1371 1580 1376 1588 ι

159 1605 293 1672 Talibus
316 1605 563 1689 cogitationibus
584 1604 793 1671 fluctuantem
815 1606 901 1672 subit
930 1625 981 1672 me
1011 1607 1070 1672 illa
1090 1610 1168 1671 cura
1189 1627 1243 1691 po·
1265 1601 1329 1666 IIIl

68 1718 133 1782 tior
158 1735 222 1798 qua
243 1721 362 1781 statuto
392 1715 526 1781 consilio
548 1715 707 1780 latronum
737 1717 887 1783 manibus
915 1715 1053 1800 uirginis
1084 1716 1245 1781 decretam

69 1847 123 1893 me
147 1827 313 1891 uictimam
336 1824 531 1891 recordabar
558 1833 768 1909 uentremquc
797 1827 908 1892 crebro
937 1826 1117 1911 suspiciens
1138 1846 1245 1892 meum

24 1943 51 1990 ¹5
70 1939 138 2002 iam
173 1936 333 2002 misellam
368 1936 510 2020 puellam
548 1937 757 2020 parturibam.
785 1935 854 2002 sed
882 1936 937 2002 ille
967 1937 1023 2018 qni
1045 1935 1246 2001 commodum

69 2049 190 2114 falsam
213 2046 254 2111 de
275 2065 326 2112 me
347 2046 507 2112 notoriam
530 2047 720 2130 pertulerat,
755 2047 954 2133 expromptis
981 2045 1070 2110 mille
1102 2065 1244 2127 aureum,

70 2177 155 2242 quos
177 2157 285 2222 insutu
307 2156 444 2221 laciniae
467 2163 652 2222 contexerat
683 2175 827 2240 quosque
854 2156 956 2223 uariis
984 2156 1163 2222 uiatoribus
1193 2155 1247 2221 de'·

69 2273 203 2350 tractos,
225 2273 260 2332 ut
282 2263 399 2347 aiebat,
423 2286 481 2351 pro
497 2287 556 2333 sua
570 2249 753 2350 frugalitate
768 2266 927 2331 communi
942 2266 1127 2332 conferebat
1141 2284 1246 2345 arcae,

70 2379 145 2444 infit
168 2377 265 2442 etiam
286 2376 327 2442 de
349 2378 452 2443 salute
474 2377 723 2467 commilitonum
748 2366 885 2442 sollicite
907 2376 1076 2443 sciscitari.
1106 2377 1247 2461 cognito·

23 2500 53 2549 ιο
71 2510 135 2575 que
162 2488 334 2573 quosdam,
364 2489 461 2551 immo
483 2508 561 2553 uero
583 2488 791 2555 fortissimum
814 2506 972 2571 quemque
994 2489 1095 2554 uariis
1118 2486 1248 2571 quidem

74 2598 134 2667 sed
158 2598 296 2683 inpigris
319 2598 449 2665 casibus
472 2598 653 2683 oppetisse,
689 2597 803 2665 suadet
828 2598 988 2681 tantisper
1010 2599 1134 2682 pacatis
1158 2588 1248 2664 itine-

72 2711 167 2775 ribus
190 2710 395 2791 omniumque
417 2708 612 2792 proeliorum
635 2710 773 2775 seruatis
788 2707 927 2774 induciis
949 2708 1151 2791 inquisitioni
1166 2727 1248 2772 com-

74 2820 257 2885 militonum
286 2820 392 2903 potius
415 2819 616 2885 insisteretur
639 2827 670 2884 et
691 2814 840 2883 tirocinio
869 2837 974 2883 nouae
1002 2818 1177 2883 iuuentutis
1206 2817 1249 2882 ad

72 2930 234 3015 pristinae
256 2949 372 2995 manus
395 2948 561 2994 numerum
583 2929 719 2994 Martiae
742 2927 882 2994 cohortis
904 2929 1004 2995 facies
1025 2929 1248 3011 integraretur.

24 3041 55 3091 25
75 3062 153 3107 narn
176 3047 208 3105 et
230 3040 349 3110 inuitos
372 3046 493 3104 terrore
515 3038 661 3124 compelli
686 3045 717 3104 et
739 3040 886 3105 uolentes
908 3038 1052 3122 praemio
1080 3037 1249 3122 prouocari

74 3170 175 3238 posse
196 3169 256 3215 nec
278 3168 398 3234 paucos
413 3149 527 3215 humili
542 3150 716 3234 seruilique
732 3150 820 3215 uitae
842 3149 1061 3218 renuntiantes
1083 3146 1127 3212 ad
1146 3147 1250 3243 instar

74 3261 266 3345 tyrannicae
298 3260 467 3343 potestatis
495 3266 614 3325 sectam
642 3280 734 3325 suam
761 3259 905 3325 conferre
925 3260 1033 3324 malle.
1067 3276 1102 3323 se
1125 3274 1251 3340 quoque

75 3369 288 3435 iamdudum
321 3392 379 3454 pro
412 3390 471 3435 sua
502 3376 593 3454 parte
628 3369 790 3453 quendam
813 3360 1004 3435 conuenisse
1032 3367 1198 3432 bominem
1218 3373 1250 3431 et

77 3489 167 3547 statu
188 3499 354 3565 procerum
377 3487 409 3545 et
431 3485 536 3545 aetate
558 3459 708 3545 iuuenem
730 3486 763 3545 et
784 3498 917 3564 corpore
944 3485 1070 3543 uastum
1099 3484 1131 3543 et
1153 3497 1249 3566 manu

78 3600 255 3671 strenuum,
280 3589 373 3673 eique
395 3590 536 3655 suasisse
558 3609 596 3655 ac
618 3589 757 3673 denique
781 3590 979 3673 persuasisse
1002 3595 1037 3653 ut
1059 3608 1173 3653 manus
1195 3586 1249 3651 he·

30 3703 59 3753 3⁰
77 3700 207 3767 betatas
228 3697 354 3764 diutina
375 3699 508 3784 pigritia
540 3698 671 3765 ιοιιᾱοιιι
699 3699 833 3766 referret
862 3699 904 3764 ad
933 3698 1057 3783 frugem
1086 3698 1250 3763 meliorem

122 3890 126 3897 Ι
146 3933 161 3981 5
181 3927 328 3997 perductus
347 3926 491 3981 Floridus:
508 3926 625 3996 pductuf
642 3926 666 3977 F
749 3928 764 3979 8
777 3926 917 3997 posterius
932 3926 950 3978 ιί
968 3926 1016 3985 lita
1034 3925 1114 3978 etium
1132 3928 1162 3991 φ)
1181 3912 1266 3975 οονν.’

76 4019 350 4077 osec.m.tol1ioF
398 4023 451 4073 Set
440 4019 692 4091 ttbquanquamF
745 4034 775 4072 ro
777 4018 949 4088 tuudrtatef·
966 4016 1166 4097 rutundrtateF
1235 4018 1251 4067 9

77 4142 193 4209 lenitate
210 4142 270 4208 Fp·
288 4141 330 4209 loe
332 4146 401 4193 urtat
379 4140 447 4248 Obes
512 4136 551 4191 tl
560 4138 668 4200 ιιιιι,οιιιι
689 4139 711 4189 F
782 4142 840 4190 18
857 4136 958 4206 plaid.
976 4136 1109 4205 scissep)
1099 4134 1155 4199 lF
1220 4137 1252 4186 20

77 4272 204 4327 quenque
220 4256 249 4311 F
329 4263 357 4311 21
379 4258 509 4325 adpetrlfc
525 4256 558 4321 F,
577 4258 805 4326 oppetrlfep
819 4260 851 4308 ιι
870 4256 989 4324 plronF
1075 4256 1107 4305 28
1125 4247 1254 4322 qneth

79 4357 112 4405 29
132 4352 255 4421 obstetur
270 4351 298 4405 F
