2934 4900
551 221 623 270 cnr.
647 224 774 270 v—vur
1209 213 1250 274 43

74 392 128 438 ces
150 372 300 438 manibus
321 393 380 459 per
401 373 563 458 publicam
586 374 855 457 misericordiam,
891 395 949 461 per
977 377 1146 462 pignorum
1170 378 1251 442 cari-

73 489 186 574 tatem·
203 489 348 550 maestus
374 489 450 562 tunc
477 483 537 550 hos
566 491 641 550 tnnc
670 483 744 552 illos
774 484 983 570 deprecabar.
1020 507 1155 572 cumque
1184 487 1250 553 iam

73 595 276 660 humanitate
292 599 475 676 commotos,
498 593 718 661 misericordia
732 594 865 661 fletuum
887 595 1029 663 adiectos
1044 598 1149 664 omnis
1167 599 1246 666 satis

72 704 254 787 crederem,
284 703 370 770 Solis
399 711 432 771 et
457 704 604 772 Iustitiae
632 711 768 772 testatus
797 706 923 771 oculum
952 725 1127 791 casumque
1154 729 1249 793 prae-

34 821 201 881 5sentcm
228 834 335 881 meum
362 814 590 881 commendans
625 813 720 880 deum
748 816 988 900 prouidentiae,
1020 819 1118 903 paulo
1151 819 1247 885 altius

71 932 209 1011 aspectu
236 926 338 991 relato
367 925 529 1011 conspicio
557 946 689 1010 prorsus
710 932 811 991 totum
833 929 1002 1012 populum:
1031 929 1100 995 risu
1120 929 1246 994 cachin-

71 1035 177 1101 nabili
193 1033 398 1134 diffluebant,
427 1054 487 1102 nec
516 1053 610 1102 secus
633 1037 723 1102 illum
745 1037 865 1103 bonum
887 1037 1046 1122 hospitem
1068 1047 1248 1122 parentem-

70 1166 137 1229 que
165 1165 271 1210 meum
293 1145 445 1210 Milonem
473 1145 540 1212 risu
568 1147 708 1212 maximo
743 1145 944 1214 dissolutum.
981 1155 1014 1213 at
1035 1155 1110 1214 tunc
1133 1150 1180 1215 sic
1202 1156 1248 1215 ta-

69 1256 156 1323 citus
171 1275 295 1322 mecum
315 1250 369 1322 ‘en
385 1247 474 1322 fides'
500 1257 631 1341 inquam
651 1249 705 1323 ‘en
720 1258 932 1324 conscientia:
956 1277 1015 1342 ego
1038 1259 1167 1343 quidem
1188 1281 1247 1345 pro

17 1379 49 1428 10
69 1366 212 1450 hospitis
235 1367 339 1434 salute
361 1373 392 1432 ct
407 1365 568 1431 homicida
591 1388 660 1433 sum
683 1374 715 1432 et
736 1387 811 1435 reus
833 1367 949 1452 capitis
971 1367 1113 1453 inducor,
1136 1370 1246 1436 atille

68 1498 136 1543 non
168 1463 335 1543 contentus
365 1475 451 1561 quod
480 1476 558 1541 mihi
591 1496 651 1542 ncc
681 1475 861 1544 adsistendi
890 1478 1042 1544 solacium
1073 1480 1245 1565 perhibuit,

67 1589 208 1672 insuper
230 1587 361 1653 exitium
384 1606 491 1653 meum
514 1579 709 1652 cachinnat’
1045 1568 1047 1572 ¹

158 1697 247 1763 Inter
274 1697 353 1763 haec
384 1696 542 1781 quaedam
570 1697 685 1762 mulier
715 1717 773 1781 per
801 1698 940 1763 medium
969 1699 1129 1765 theatrum
1149 1701 1242 1766 lacri-
1264 1688 1343 1754 VIII

66 1828 165 1875 mosa
194 1814 226 1874 et
252 1807 368 1872 flebilis
397 1814 468 1873 atra
495 1814 585 1875 ueste
614 1813 761 1873 contecta
789 1809 960 1891 paruulum
988 1796 1245 1894 quendam'sinu

18 1935 46 1982 15
66 1919 214 1984 tolerans
237 1916 377 1983 decurrit
398 1936 436 1982 ac
458 1938 543 2001 pone
565 1938 636 1984 eam
655 1939 738 1984 anus
759 1919 826 1982 alia
839 1919 956 2002 pannis
978 1919 1118 1986 horridis
1140 1921 1247 1988 obsita

66 2028 271 2115 paribusque
295 2035 418 2095 maesta
439 2027 568 2095 fletibus
590 2048 697 2122 ramos
719 2029 905 2111 oleagineos
927 2037 1080 2114 utraeque
1102 2030 1245 2115 quatien-

66 2145 138 2223 tes,
175 2159 258 2223 quae
287 2139 497 2205 circumfusae
526 2139 692 2220 lectulum,
727 2159 790 2222 quo
818 2145 1055 2226 peremptorum
1084 2140 1246 2206 cadauera

66 2255 219 2316 contecta
239 2249 380 2321 inerant,
411 2250 567 2335 plangore
590 2248 717 2315 sublato
740 2267 775 2315 se
796 2248 973 2332 lugubriter
996 2248 1155 2318 eiulantes
1173 2243 1245 2336 ‘per

66 2359 237 2446 publicam
260 2358 529 2442 misericordiam,
558 2378 617 2444 per
638 2378 806 2424 commune
828 2360 881 2426 ius
901 2352 1124 2427 humanitatis'
1155 2360 1245 2427 aiunt

17 2488 46 2536 ru
62 2468 279 2539 ‘miseremini
300 2469 434 2555 indigne
456 2489 622 2538 caesorum
644 2470 797 2539 iuuenum
818 2479 1012 2555 nostraeque
1035 2471 1186 2540 uiduitati
1206 2492 1246 2538 ac

65 2581 240 2649 solitudini
269 2580 309 2646 dc
336 2580 480 2646 uindicta
508 2580 663 2647 solacium
693 2579 779 2647 date.
816 2588 902 2647 certe
930 2582 1059 2666 paruuli
1087 2582 1181 2649 huius
1210 2583 1244 2648 in

64 2693 185 2776 primis
214 2692 309 2757 annis
338 2691 482 2757 destituti
513 2690 649 2757 fortunis
679 2692 854 2757 succurrite
876 2692 969 2757 etde
991 2691 1127 2759 latronis
1149 2692 1244 2759 huius

65 2803 230 2887 sanguine
251 2802 377 2885 legibus
401 2801 517 2869 uestris
540 2807 571 2866 et
593 2799 784 2886 disciplinae
806 2801 954 2885 publicae
974 2793 1090 2867 litate’

157 2913 234 2978 Post
254 2910 336 2978 haec
357 2912 565 2995 magistratus
588 2911 643 2995 qui
665 2919 744 2975 natu
766 2911 877 2991 maior,
901 2910 1049 2996 adsurgit
1069 2911 1165 2976 etad
1186 2932 1244 2996 po·

15 3042 45 3091 rs
65 3024 182 3107 pulum
211 3022 290 3087 talia
315 3015 368 3087 ‘de
392 3023 513 3089 scelere
536 3019 682 3104 quidem,
717 3021 802 3105 quod
825 3022 909 3088 serio
932 3020 1162 3087 uindicandum
1185 3029 1243 3103 est,

6 3141 45 3209 33]
64 3153 128 3200 nec
160 3133 232 3217 ipse
261 3132 316 3213 qui
345 3132 503 3198 commisit
531 3138 636 3218 potest
664 3130 794 3196 diffiteri
823 3130 882 3197 sed
910 3152 975 3197 una
996 3136 1120 3197 tantum
1141 3130 1244 3198 subsi-

64 3245 143 3309 ciua
172 3241 354 3308 sollicitudo
383 3242 476 3309 nobis
505 3242 617 3308 relicta
645 3246 757 3307 estut
785 3249 909 3307 ceteros
929 3241 1043 3317 ,socios
1064 3243 1146 3307 tanti
1168 3242 1243 3308 iaci·

63 3354 160 3419 noris
175 3353 387 3437 requiramus.
425 3371 484 3417 nec
506 3351 591 3417 enim
614 3351 801 3417 uerisimile
823 3358 873 3419 est
886 3351 1049 3418 hominem
1065 3352 1243 3418 solitarium

63 3472 134 3529 tres
164 3468 229 3527 taur
259 3462 385 3528 ualidos
416 3462 555 3529 euitasse
583 3461 727 3527 iuuenes.
764 3461 899 3547 prohinc
927 3462 1094 3528 tormentis
1122 3463 1242 3529 ueritas

15 3588 44 3637 30
63 3572 223 3639 eruenda.
260 3594 335 3638 nam
358 3573 466 3657 etqui
495 3571 706 3637 comitabatur
734 3592 806 3638 eum
833 3592 914 3657 puer
935 3572 1080 3639 clanculo
1102 3574 1243 3658 profugit

63 3691 95 3749 et
120 3701 177 3751 res
200 3681 243 3747 ad
265 3682 478 3749 hocdeducta
499 3687 602 3748 estut
624 3703 682 3767 per
704 3683 923 3765 quaestionem
940 3683 1071 3749 sceleris
1095 3684 1144 3749 sui
1166 3704 1241 3771 par-

140 3992 149 4040 l
171 3981 286 4056 publicu
302 3989 334 4037 ut
349 3984 405 4038 uid.
423 3984 464 4049 Id,
482 3979 620 4054 puphcbp
690 3989 705 4038 3
723 3984 783 4039 cirri
798 3984 933 4048 (lineolam
942 3984 1003 4039 odd.
1014 3986 1240 4048 maareceotior)

66 4079 99 4147 F,
120 4080 218 4148 offilp
312 4076 440 4133 toculul
455 4080 486 4131 ui
506 4078 594 4147 fallor
611 4078 654 4144 Ρ,
679 4074 797 4147 oculdp
896 4083 927 4131 15
946 4078 1058 4133 decussit
1075 4080 1120 4148 Fp
1208 4084 1239 4133 18

65 4177 240 4245 planguore·
258 4174 332 4244 (post
349 4188 362 4225 e
379 4170 437 4241 suit
455 4172 476 4234 ῖς
503 4188 556 4242 pro
573 4188 591 4241 p
610 4172 739 4227 librarius
755 4173 910 4244 scripturus
932 4172 989 4241 fuit
1005 4171 1024 4236 l)
1043 4173 1075 4236 F,
1093 4172 1202 4240 plagore
1220 4193 1239 4241 φ

65 4272 98 4321 22
120 4269 257 4321 succurrtc
273 4266 305 4331 F,
330 4266 514 4332 luecurntep
607 4269 638 4319 23
657 4266 766 4335 puplice
784 4265 825 4329 Id,
844 4265 952 4334 publrcc
970 4272 998 4333 φ’
1091 4269 1121 4317 21
1142 4265 1239 4320 sollict-

65 4360 136 4414 tndo
156 4378 194 4428 φτ
214 4359 351 4415 lolrcrtudo
370 4358 397 4411 F
