<?xml version="1.0" encoding="UTF-8"?>
<!DOCTYPE html PUBLIC "-//W3C//DTD XHTML 1.0 Transitional//EN"
    "http://www.w3.org/TR/xhtml1/DTD/xhtml1-transitional.dtd">
<html xmlns="http://www.w3.org/1999/xhtml" xml:lang="en" lang="en">
 <head>
  <title>
</title>
<meta http-equiv="Content-Type" content="text/html;charset=utf-8" />
  <meta name='ocr-system' content='tesseract 3.04.00' />
  <meta name='ocr-capabilities' content='ocr_page ocr_carea ocr_par ocr_line ocrx_word'/>
</head>
<body>
  <div class='ocr_page' id='page_1' title='image "./metamorphoseonl00eyssgoog/metamorphoseonl00eyssgoog_0032.png"; bbox 0 0 2934 4900; ppageno 0'>
   <div class='ocr_carea' id='block_1_1' title="bbox 187 207 868 270">
    <p class='ocr_par' dir='ltr' id='par_1_1' title="bbox 187 207 868 270">
     <span class='ocr_line' id='line_1_1' title="bbox 187 207 868 270; baseline 0 -2"><span class='ocrx_word' id='word_1_1' title='bbox 187 207 228 270; x_wconf 78' lang='lat'>20</span> <span class='ocrx_word' id='word_1_2' title='bbox 727 223 820 270; x_wconf 80' lang='lat' dir='ltr'>urum</span> <span class='ocrx_word' id='word_1_3' title='bbox 842 223 868 268; x_wconf 88' lang='lat'>11</span> 
     </span>
    </p>
   </div>
   <div class='ocr_carea' id='block_1_2' title="bbox 140 373 1464 3440">
    <p class='ocr_par' dir='ltr' id='par_1_2' title="bbox 140 373 1464 3440">
     <span class='ocr_line' id='line_1_2' title="bbox 187 373 1360 459; baseline -0.002 -19"><span class='ocrx_word' id='word_1_4' title='bbox 187 375 243 442; x_wconf 87' lang='lat' dir='ltr'>det</span> <span class='ocrx_word' id='word_1_5' title='bbox 256 375 343 440; x_wconf 91' lang='lat' dir='ltr'>intus</span> <span class='ocrx_word' id='word_1_6' title='bbox 358 374 472 440; x_wconf 90' lang='lat' dir='ltr'>umbra</span> <span class='ocrx_word' id='word_1_7' title='bbox 487 374 572 458; x_wconf 83' lang='lat' dir='ltr'>signi</span> <span class='ocrx_word' id='word_1_8' title='bbox 594 373 635 439; x_wconf 91' lang='lat' dir='ltr'>de</span> <span class='ocrx_word' id='word_1_9' title='bbox 658 374 761 439; x_wconf 89' lang='lat' dir='ltr'>nitore</span> <span class='ocrx_word' id='word_1_10' title='bbox 780 373 911 459; x_wconf 89' lang='lat' dir='ltr'>lapidis.</span> <span class='ocrx_word' id='word_1_11' title='bbox 949 373 1008 439; x_wconf 91' lang='lat' dir='ltr'>sub</span> <span class='ocrx_word' id='word_1_12' title='bbox 1030 382 1173 438; x_wconf 87' lang='lat' dir='ltr'>extrema</span> <span class='ocrx_word' id='word_1_13' title='bbox 1189 373 1260 440; x_wconf 82' lang='lat' dir='ltr'>saxi</span> <span class='ocrx_word' id='word_1_14' title='bbox 1275 392 1360 438; x_wconf 89' lang='lat' dir='ltr'>mar-</span> 
     </span>
     <span class='ocr_line' id='line_1_3' title="bbox 187 483 1464 577; baseline -0.001 -28"><span class='ocrx_word' id='word_1_15' title='bbox 187 486 263 568; x_wconf 80' lang='lat' dir='ltr'>gine</span> <span class='ocrx_word' id='word_1_16' title='bbox 278 505 374 570; x_wconf 86' lang='lat' dir='ltr'>poma</span> <span class='ocrx_word' id='word_1_17' title='bbox 388 492 419 550; x_wconf 89' lang='lat' dir='ltr'>et</span> <span class='ocrx_word' id='word_1_18' title='bbox 434 503 517 551; x_wconf 91' lang='lat' dir='ltr'>uuae</span> <span class='ocrx_word' id='word_1_19' title='bbox 532 484 703 550; x_wconf 84' lang='lat' dir='ltr'>faberrime</span> <span class='ocrx_word' id='word_1_20' title='bbox 718 485 839 570; x_wconf 89' lang='lat' dir='ltr'>politae</span> <span class='ocrx_word' id='word_1_21' title='bbox 854 483 1049 568; x_wconf 84' lang='lat' dir='ltr'>dependent,</span> <span class='ocrx_word' id='word_1_22' title='bbox 1072 503 1153 567; x_wconf 87' lang='lat' dir='ltr'>quas</span> <span class='ocrx_word' id='word_1_23' title='bbox 1165 503 1219 549; x_wconf 88' lang='lat' dir='ltr'>ars</span> <span class='ocrx_word' id='word_1_24' title='bbox 1230 485 1361 549; x_wconf 89' lang='lat' dir='ltr'>aemula</span> <span class='ocrx_word' id='word_1_25' title='bbox 1463 556 1464 577; x_wconf 47' lang='lat'>,</span> 
     </span>
     <span class='ocr_line' id='line_1_4' title="bbox 188 591 1360 680; baseline -0.002 -20"><span class='ocrx_word' id='word_1_26' title='bbox 188 601 324 660; x_wconf 89' lang='lat' dir='ltr'>naturae</span> <span class='ocrx_word' id='word_1_27' title='bbox 339 595 468 660; x_wconf 85' lang='lat' dir='ltr'>ueritati</span> <span class='ocrx_word' id='word_1_28' title='bbox 482 591 780 678; x_wconf 87' lang='lat' dir='ltr'>similes&#39;explicuit.</span> <span class='ocrx_word' id='word_1_29' title='bbox 809 602 902 680; x_wconf 87' lang='lat' dir='ltr'>putes</span> <span class='ocrx_word' id='word_1_30' title='bbox 918 594 960 660; x_wconf 89' lang='lat' dir='ltr'>ad</span> <span class='ocrx_word' id='word_1_31' title='bbox 975 594 1081 659; x_wconf 91' lang='lat' dir='ltr'>cibum</span> <span class='ocrx_word' id='word_1_32' title='bbox 1096 594 1173 659; x_wconf 89' lang='lat' dir='ltr'>inde</span> <span class='ocrx_word' id='word_1_33' title='bbox 1187 592 1360 678; x_wconf 81' lang='lat' dir='ltr'>quaedam,</span> 
     </span>
     <span class='ocr_line' id='line_1_5' title="bbox 188 703 1363 788; baseline -0.002 -18"><span class='ocrx_word' id='word_1_34' title='bbox 188 725 259 770; x_wconf 88' lang='lat' dir='ltr'>cum</span> <span class='ocrx_word' id='word_1_35' title='bbox 282 707 494 772; x_wconf 88' lang='lat' dir='ltr'>mustulentus</span> <span class='ocrx_word' id='word_1_36' title='bbox 517 712 705 772; x_wconf 88' lang='lat' dir='ltr'>auctumuus</span> <span class='ocrx_word' id='word_1_37' title='bbox 720 711 879 771; x_wconf 88' lang='lat' dir='ltr'>maturum</span> <span class='ocrx_word' id='word_1_38' title='bbox 902 706 1039 771; x_wconf 91' lang='lat' dir='ltr'>colorem</span> <span class='ocrx_word' id='word_1_39' title='bbox 1061 703 1241 786; x_wconf 90' lang='lat' dir='ltr'>adflauerit,</span> <span class='ocrx_word' id='word_1_40' title='bbox 1264 723 1363 788; x_wconf 91' lang='lat' dir='ltr'>posse</span> 
     </span>
     <span class='ocr_line' id='line_1_6' title="bbox 188 814 1400 901; baseline 0.003 -21"><span class='ocrx_word' id='word_1_41' title='bbox 188 815 328 900; x_wconf 79' lang='lat' dir='ltr'>decerpi.</span> <span class='ocrx_word' id='word_1_42' title='bbox 365 816 425 882; x_wconf 88' lang='lat' dir='ltr'>etsi</span> <span class='ocrx_word' id='word_1_43' title='bbox 453 816 573 898; x_wconf 86' lang='lat' dir='ltr'>fontes,</span> <span class='ocrx_word' id='word_1_44' title='bbox 608 817 662 901; x_wconf 89' lang='lat' dir='ltr'>qui</span> <span class='ocrx_word' id='word_1_45' title='bbox 691 815 772 882; x_wconf 89' lang='lat' dir='ltr'>deae</span> <span class='ocrx_word' id='word_1_46' title='bbox 800 816 937 899; x_wconf 80' lang='lat' dir='ltr'>uestigio</span> <span class='ocrx_word' id='word_1_47' title='bbox 960 815 1176 881; x_wconf 81' lang='lat' dir='ltr'>discurrentes</span> <span class='ocrx_word' id='word_1_48' title='bbox 1198 814 1232 879; x_wconf 89' lang='lat' dir='ltr'>in</span> <span class='ocrx_word' id='word_1_49' title='bbox 1254 816 1400 884; x_wconf 81' lang='lat' dir='ltr'>lenems</span> 
     </span>
     <span class='ocr_line' id='line_1_7' title="bbox 188 908 1464 1011; baseline -0.005 -21"><span class='ocrx_word' id='word_1_50' title='bbox 188 924 354 992; x_wconf 87' lang='lat' dir='ltr'>uibrantur</span> <span class='ocrx_word' id='word_1_51' title='bbox 374 925 517 1010; x_wconf 87' lang='lat' dir='ltr'>undam,&#39;</span> <span class='ocrx_word' id='word_1_52' title='bbox 538 947 659 1011; x_wconf 90' lang='lat' dir='ltr'>pronus</span> <span class='ocrx_word' id='word_1_53' title='bbox 682 926 865 1010; x_wconf 81' lang='lat' dir='ltr'>aspexeris,</span> <span class='ocrx_word' id='word_1_54' title='bbox 900 925 1012 991; x_wconf 88' lang='lat' dir='ltr'>eredes</span> <span class='ocrx_word' id='word_1_55' title='bbox 1033 925 1107 992; x_wconf 90' lang='lat' dir='ltr'>illos</span> <span class='ocrx_word' id='word_1_56' title='bbox 1129 932 1164 990; x_wconf 91' lang='lat' dir='ltr'>ut</span> <span class='ocrx_word' id='word_1_57' title='bbox 1186 943 1262 990; x_wconf 88' lang='lat' dir='ltr'>uere</span> <span class='ocrx_word' id='word_1_58' title='bbox 1282 943 1362 1009; x_wconf 86' lang='lat' dir='ltr'>pen·</span> <span class='ocrx_word' id='word_1_59' title='bbox 1463 908 1464 983; x_wconf 58' lang='lat' dir='ltr'><strong>f</strong></span> 
     </span>
     <span class='ocr_line' id='line_1_8' title="bbox 188 1018 1464 1119; baseline 0.001 -20"><span class='ocrx_word' id='word_1_60' title='bbox 188 1034 302 1102; x_wconf 86' lang='lat' dir='ltr'>dentes</span> <span class='ocrx_word' id='word_1_61' title='bbox 335 1055 480 1102; x_wconf 88' lang='lat' dir='ltr'>racemos</span> <span class='ocrx_word' id='word_1_62' title='bbox 495 1025 499 1032; x_wconf 76' lang='grc'><strong>’</strong></span> <span class='ocrx_word' id='word_1_63' title='bbox 514 1037 598 1103; x_wconf 89' lang='lat' dir='ltr'>inter</span> <span class='ocrx_word' id='word_1_64' title='bbox 630 1044 738 1103; x_wconf 88' lang='lat' dir='ltr'>cetera</span> <span class='ocrx_word' id='word_1_65' title='bbox 772 1037 916 1102; x_wconf 87' lang='lat' dir='ltr'>ueritatis</span> <span class='ocrx_word' id='word_1_66' title='bbox 949 1055 1011 1102; x_wconf 88' lang='lat' dir='ltr'>nce</span> <span class='ocrx_word' id='word_1_67' title='bbox 1039 1036 1225 1119; x_wconf 83' lang='lat' dir='ltr'>agitationis</span> <span class='ocrx_word' id='word_1_68' title='bbox 1254 1034 1362 1100; x_wconf 86' lang='lat' dir='ltr'>officio</span> <span class='ocrx_word' id='word_1_69' title='bbox 1463 1018 1464 1075; x_wconf 67' lang='grc' dir='ltr'><strong><em>Ῑ</em></strong></span> 
     </span>
     <span class='ocr_line' id='line_1_9' title="bbox 188 1145 1464 1239; baseline 0 -29"><span class='ocrx_word' id='word_1_70' title='bbox 188 1163 308 1212; x_wconf 84' lang='lat' dir='ltr'>carere.</span> <span class='ocrx_word' id='word_1_71' title='bbox 339 1145 563 1218; x_wconf 86' lang='lat' dir='ltr'>intermedias</span> <span class='ocrx_word' id='word_1_72' title='bbox 578 1146 708 1214; x_wconf 85' lang='lat' dir='ltr'>frondes</span> <span class='ocrx_word' id='word_1_73' title='bbox 724 1146 844 1231; x_wconf 91' lang='lat' dir='ltr'>lapidis</span> <span class='ocrx_word' id='word_1_74' title='bbox 854 1147 998 1212; x_wconf 82' lang='lat' dir='ltr'>Actaeon</span> <span class='ocrx_word' id='word_1_75' title='bbox 1014 1145 1218 1212; x_wconf 80' lang='lat' dir='ltr'>simulacrum</span> <span class='ocrx_word' id='word_1_76' title='bbox 1233 1145 1362 1211; x_wconf 90' lang='lat' dir='ltr'>curioso</span> <span class='ocrx_word' id='word_1_77' title='bbox 1463 1194 1464 1239; x_wconf 44' lang='lat'>3</span> 
     </span>
     <span class='ocr_line' id='line_1_10' title="bbox 189 1248 1464 1343; baseline -0.002 -21"><span class='ocrx_word' id='word_1_78' title='bbox 189 1262 301 1341; x_wconf 89' lang='lat' dir='ltr'>optutu</span> <span class='ocrx_word' id='word_1_79' title='bbox 322 1256 357 1320; x_wconf 91' lang='lat' dir='ltr'>in</span> <span class='ocrx_word' id='word_1_80' title='bbox 379 1255 472 1322; x_wconf 90' lang='lat' dir='ltr'>deam</span> <span class='ocrx_word' id='word_1_81' title='bbox 488 1276 617 1324; x_wconf 88' lang='lat' dir='ltr'>uersum</span> <span class='ocrx_word' id='word_1_82' title='bbox 639 1259 809 1343; x_wconf 86' lang='lat' dir='ltr'>proiectus,</span> <span class='ocrx_word' id='word_1_83' title='bbox 832 1258 897 1322; x_wconf 89' lang='lat' dir='ltr'>iam</span> <span class='ocrx_word' id='word_1_84' title='bbox 919 1257 953 1322; x_wconf 91' lang='lat' dir='ltr'>in</span> <span class='ocrx_word' id='word_1_85' title='bbox 976 1276 1105 1322; x_wconf 89' lang='lat' dir='ltr'>ceruum</span> <span class='ocrx_word' id='word_1_86' title='bbox 1127 1256 1248 1322; x_wconf 86' lang='lat' dir='ltr'>ferinus</span> <span class='ocrx_word' id='word_1_87' title='bbox 1271 1256 1361 1321; x_wconf 92' lang='lat' dir='ltr'>etin</span> <span class='ocrx_word' id='word_1_88' title='bbox 1463 1248 1464 1319; x_wconf 72' lang='grc' dir='ltr'>ζ</span> 
     </span>
     <span class='ocr_line' id='line_1_11' title="bbox 190 1367 1464 1455; baseline -0.002 -21"><span class='ocrx_word' id='word_1_89' title='bbox 190 1387 269 1434; x_wconf 87' lang='lat' dir='ltr'>saxo</span> <span class='ocrx_word' id='word_1_90' title='bbox 293 1367 388 1434; x_wconf 93' lang='lat' dir='ltr'>simul</span> <span class='ocrx_word' id='word_1_91' title='bbox 410 1375 442 1432; x_wconf 88' lang='lat' dir='ltr'>et</span> <span class='ocrx_word' id='word_1_92' title='bbox 462 1367 496 1432; x_wconf 90' lang='lat' dir='ltr'>in</span> <span class='ocrx_word' id='word_1_93' title='bbox 518 1369 605 1434; x_wconf 84' lang='lat' dir='ltr'>fonte</span> <span class='ocrx_word' id='word_1_94' title='bbox 627 1369 764 1432; x_wconf 89' lang='lat' dir='ltr'>loturam</span> <span class='ocrx_word' id='word_1_95' title='bbox 787 1368 927 1432; x_wconf 88' lang='lat' dir='ltr'>Dianam</span> <span class='ocrx_word' id='word_1_96' title='bbox 949 1367 1121 1453; x_wconf 89' lang='lat' dir='ltr'>opperiens</span> <span class='ocrx_word' id='word_1_97' title='bbox 1142 1367 1266 1433; x_wconf 91' lang='lat' dir='ltr'>uisitur.</span> <span class='ocrx_word' id='word_1_98' title='bbox 1386 1384 1419 1432; x_wconf 85' lang='lat' dir='ltr'>ro</span> <span class='ocrx_word' id='word_1_99' title='bbox 1463 1428 1464 1455; x_wconf 65' lang='lat'>,</span> 
     </span>
     <span class='ocr_line' id='line_1_12' title="bbox 140 1458 1464 1544; baseline 0.002 -3"><span class='ocrx_word' id='word_1_100' title='bbox 140 1463 169 1528; x_wconf 86' lang='lat' dir='ltr'>V</span> <span class='ocrx_word' id='word_1_101' title='bbox 275 1478 360 1542; x_wconf 90' lang='lat' dir='ltr'>Dum</span> <span class='ocrx_word' id='word_1_102' title='bbox 375 1476 456 1542; x_wconf 89' lang='lat' dir='ltr'>haec</span> <span class='ocrx_word' id='word_1_103' title='bbox 470 1477 647 1544; x_wconf 89' lang='lat' dir='ltr'>identidem</span> <span class='ocrx_word' id='word_1_104' title='bbox 661 1477 874 1544; x_wconf 85' lang='lat' dir='ltr'>rimabundus</span> <span class='ocrx_word' id='word_1_105' title='bbox 894 1477 1011 1544; x_wconf 85' lang='lat' dir='ltr'>eximie</span> <span class='ocrx_word' id='word_1_106' title='bbox 1026 1475 1167 1543; x_wconf 88' lang='lat' dir='ltr'>delector</span> <span class='ocrx_word' id='word_1_107' title='bbox 1185 1470 1254 1541; x_wconf 88' lang='lat' dir='ltr'>‘tua</span> <span class='ocrx_word' id='word_1_108' title='bbox 1268 1468 1359 1543; x_wconf 89' lang='lat' dir='ltr'>suut&#39;</span> <span class='ocrx_word' id='word_1_109' title='bbox 1463 1458 1464 1543; x_wconf 56' lang='grc' dir='ltr'>ἶ</span> 
     </span>
     <span class='ocr_line' id='line_1_13' title="bbox 188 1567 1464 1686; baseline 0.001 -34"><span class='ocrx_word' id='word_1_110' title='bbox 188 1587 234 1653; x_wconf 88' lang='lat' dir='ltr'>ait</span> <span class='ocrx_word' id='word_1_111' title='bbox 255 1587 446 1671; x_wconf 87' lang='lat' dir='ltr'>Byrrhaena</span> <span class='ocrx_word' id='word_1_112' title='bbox 465 1580 593 1653; x_wconf 88' lang='lat' dir='ltr'>‘cuncta</span> <span class='ocrx_word' id='word_1_113' title='bbox 615 1609 698 1672; x_wconf 89' lang='lat' dir='ltr'>quae</span> <span class='ocrx_word' id='word_1_114' title='bbox 720 1581 827 1654; x_wconf 89' lang='lat' dir='ltr'>uides&#39;</span> <span class='ocrx_word' id='word_1_115' title='bbox 850 1595 882 1653; x_wconf 89' lang='lat' dir='ltr'>et</span> <span class='ocrx_word' id='word_1_116' title='bbox 904 1608 975 1652; x_wconf 91' lang='lat' dir='ltr'>cum</span> <span class='ocrx_word' id='word_1_117' title='bbox 994 1587 1078 1686; x_wconf 73' lang='lat' dir='ltr'>dicte</span> <span class='ocrx_word' id='word_1_118' title='bbox 1101 1567 1362 1654; x_wconf 40' lang='lat' dir='ltr'>ceteros&#39;omnes</span> <span class='ocrx_word' id='word_1_119' title='bbox 1463 1598 1464 1645; x_wconf 71' lang='lat'>1</span> 
     </span>
     <span class='ocr_line' id='line_1_14' title="bbox 189 1697 1362 1785; baseline -0.001 -22"><span class='ocrx_word' id='word_1_120' title='bbox 189 1698 347 1763; x_wconf 88' lang='lat' dir='ltr'>sermonis</span> <span class='ocrx_word' id='word_1_121' title='bbox 370 1705 494 1763; x_wconf 89' lang='lat' dir='ltr'>secreto</span> <span class='ocrx_word' id='word_1_122' title='bbox 517 1698 672 1766; x_wconf 89' lang='lat' dir='ltr'>decedere</span> <span class='ocrx_word' id='word_1_123' title='bbox 693 1699 860 1785; x_wconf 80' lang='lat' dir='ltr'>praecipit.</span> <span class='ocrx_word' id='word_1_124' title='bbox 883 1698 1015 1782; x_wconf 88' lang='lat' dir='ltr'>-quihus</span> <span class='ocrx_word' id='word_1_125' title='bbox 1037 1698 1193 1782; x_wconf 91' lang='lat' dir='ltr'>dispulsis</span> <span class='ocrx_word' id='word_1_126' title='bbox 1210 1697 1362 1763; x_wconf 91' lang='lat' dir='ltr'>omnibus</span> 
     </span>
     <span class='ocr_line' id='line_1_15' title="bbox 186 1786 1464 1893; baseline 0 -21"><span class='ocrx_word' id='word_1_127' title='bbox 186 1801 256 1891; x_wconf 87' lang='lat' dir='ltr'>‘per</span> <span class='ocrx_word' id='word_1_128' title='bbox 279 1799 376 1872; x_wconf 90' lang='lat' dir='ltr'>hauc&#39;</span> <span class='ocrx_word' id='word_1_129' title='bbox 400 1808 504 1890; x_wconf 90' lang='lat' dir='ltr'>inquit</span> <span class='ocrx_word' id='word_1_130' title='bbox 523 1803 630 1874; x_wconf 88' lang='lat' dir='ltr'>‘deam</span> <span class='ocrx_word' id='word_1_131' title='bbox 652 1829 671 1873; x_wconf 95' lang='lat' dir='ltr'>o</span> <span class='ocrx_word' id='word_1_132' title='bbox 694 1810 773 1874; x_wconf 91' lang='lat' dir='ltr'>Luci</span> <span class='ocrx_word' id='word_1_133' title='bbox 795 1809 972 1893; x_wconf 88' lang='lat' dir='ltr'>carissime,</span> <span class='ocrx_word' id='word_1_134' title='bbox 995 1815 1030 1873; x_wconf 91' lang='lat' dir='ltr'>ut</span> <span class='ocrx_word' id='word_1_135' title='bbox 1052 1809 1149 1874; x_wconf 88' lang='lat' dir='ltr'>anxie</span> <span class='ocrx_word' id='word_1_136' title='bbox 1170 1808 1230 1872; x_wconf 90' lang='lat' dir='ltr'>tibi</span> <span class='ocrx_word' id='word_1_137' title='bbox 1252 1813 1361 1872; x_wconf 88' lang='lat' dir='ltr'>metuo</span> <span class='ocrx_word' id='word_1_138' title='bbox 1463 1786 1464 1821; x_wconf 28' lang='grc' dir='ltr'><strong>ἶ</strong></span> 
     </span>
     <span class='ocr_line' id='line_1_16' title="bbox 189 1917 1419 2004; baseline 0.001 -22"><span class='ocrx_word' id='word_1_139' title='bbox 189 1924 220 1982; x_wconf 92' lang='lat' dir='ltr'>et</span> <span class='ocrx_word' id='word_1_140' title='bbox 242 1925 276 1982; x_wconf 88' lang='lat' dir='ltr'>ut</span> <span class='ocrx_word' id='word_1_141' title='bbox 298 1925 373 2003; x_wconf 89' lang='lat' dir='ltr'>pote</span> <span class='ocrx_word' id='word_1_142' title='bbox 393 1919 520 2002; x_wconf 79' lang='lat' dir='ltr'>pignori</span> <span class='ocrx_word' id='word_1_143' title='bbox 550 1938 620 1983; x_wconf 92' lang='lat' dir='ltr'>meo</span> <span class='ocrx_word' id='word_1_144' title='bbox 649 1921 746 2003; x_wconf 82' lang='lat' dir='ltr'>longe</span> <span class='ocrx_word' id='word_1_145' title='bbox 773 1921 938 2004; x_wconf 90' lang='lat' dir='ltr'>prouisum</span> <span class='ocrx_word' id='word_1_146' title='bbox 966 1919 1075 2003; x_wconf 88' lang='lat' dir='ltr'>cupio,</span> <span class='ocrx_word' id='word_1_147' title='bbox 1105 1937 1185 1983; x_wconf 89' lang='lat' dir='ltr'>caue</span> <span class='ocrx_word' id='word_1_148' title='bbox 1213 1918 1273 1983; x_wconf 87' lang='lat' dir='ltr'>tibi</span> <span class='ocrx_word' id='word_1_149' title='bbox 1300 1917 1364 1983; x_wconf 90' lang='lat' dir='ltr'>sed</span> <span class='ocrx_word' id='word_1_150' title='bbox 1387 1945 1419 1993; x_wconf 85' lang='lat'>15</span> 
     </span>
     <span class='ocr_line' id='line_1_17' title="bbox 189 2028 1363 2113; baseline 0.003 -23"><span class='ocrx_word' id='word_1_151' title='bbox 189 2047 268 2093; x_wconf 92' lang='lat' dir='ltr'>oaue</span> <span class='ocrx_word' id='word_1_152' title='bbox 284 2028 407 2095; x_wconf 85' lang='lat' dir='ltr'>fortiter</span> <span class='ocrx_word' id='word_1_153' title='bbox 428 2048 449 2093; x_wconf 88' lang='lat' dir='ltr'>a</span> <span class='ocrx_word' id='word_1_154' title='bbox 470 2029 564 2096; x_wconf 90' lang='lat' dir='ltr'>malis</span> <span class='ocrx_word' id='word_1_155' title='bbox 587 2030 710 2095; x_wconf 88' lang='lat' dir='ltr'>artibus</span> <span class='ocrx_word' id='word_1_156' title='bbox 733 2036 764 2094; x_wconf 87' lang='lat' dir='ltr'>et</span> <span class='ocrx_word' id='word_1_157' title='bbox 784 2030 975 2096; x_wconf 84' lang='lat' dir='ltr'>facinorosis</span> <span class='ocrx_word' id='word_1_158' title='bbox 996 2029 1158 2095; x_wconf 85' lang='lat' dir='ltr'>illecebris</span> <span class='ocrx_word' id='word_1_159' title='bbox 1172 2028 1363 2113; x_wconf 87' lang='lat' dir='ltr'>Pamphiles</span> 
     </span>
     <span class='ocr_line' id='line_1_18' title="bbox 188 2139 1362 2224; baseline 0 -22"><span class='ocrx_word' id='word_1_160' title='bbox 188 2139 275 2204; x_wconf 91' lang='lat' dir='ltr'>illius</span> <span class='ocrx_word' id='word_1_161' title='bbox 305 2158 389 2222; x_wconf 90' lang='lat' dir='ltr'>quae</span> <span class='ocrx_word' id='word_1_162' title='bbox 417 2158 489 2203; x_wconf 90' lang='lat' dir='ltr'>cum</span> <span class='ocrx_word' id='word_1_163' title='bbox 517 2139 637 2204; x_wconf 86' lang='lat' dir='ltr'>Milone</span> <span class='ocrx_word' id='word_1_164' title='bbox 665 2139 727 2205; x_wconf 90' lang='lat' dir='ltr'>isto</span> <span class='ocrx_word' id='word_1_165' title='bbox 757 2159 850 2224; x_wconf 90' lang='lat' dir='ltr'>quem</span> <span class='ocrx_word' id='word_1_166' title='bbox 880 2139 961 2206; x_wconf 90' lang='lat' dir='ltr'>dicis</span> <span class='ocrx_word' id='word_1_167' title='bbox 989 2139 1150 2223; x_wconf 91' lang='lat' dir='ltr'>hospitem</span> <span class='ocrx_word' id='word_1_168' title='bbox 1178 2146 1278 2223; x_wconf 85' lang='lat' dir='ltr'>nupta</span> <span class='ocrx_word' id='word_1_169' title='bbox 1300 2145 1362 2204; x_wconf 88' lang='lat' dir='ltr'>est.</span> 
     </span>
     <span class='ocr_line' id='line_1_19' title="bbox 188 2248 1365 2334; baseline 0.001 -21"><span class='ocrx_word' id='word_1_170' title='bbox 188 2267 285 2331; x_wconf 81' lang='lat' dir='ltr'>maga</span> <span class='ocrx_word' id='word_1_171' title='bbox 312 2249 409 2333; x_wconf 85' lang='lat' dir='ltr'>primi</span> <span class='ocrx_word' id='word_1_172' title='bbox 438 2250 579 2316; x_wconf 89' lang='lat' dir='ltr'>nominis</span> <span class='ocrx_word' id='word_1_173' title='bbox 608 2257 639 2316; x_wconf 90' lang='lat' dir='ltr'>et</span> <span class='ocrx_word' id='word_1_174' title='bbox 667 2251 772 2316; x_wconf 90' lang='lat' dir='ltr'>omnis</span> <span class='ocrx_word' id='word_1_175' title='bbox 800 2250 951 2316; x_wconf 89' lang='lat' dir='ltr'>carminis</span> <span class='ocrx_word' id='word_1_176' title='bbox 981 2249 1170 2334; x_wconf 86' lang='lat' dir='ltr'>sepulcralis</span> <span class='ocrx_word' id='word_1_177' title='bbox 1204 2248 1365 2332; x_wconf 82' lang='lat' dir='ltr'>magistra</span> 
     </span>
     <span class='ocr_line' id='line_1_20' title="bbox 189 2357 1364 2446; baseline 0.003 -24"><span class='ocrx_word' id='word_1_178' title='bbox 189 2357 337 2441; x_wconf 89' lang='lat' dir='ltr'>creditur,</span> <span class='ocrx_word' id='word_1_179' title='bbox 361 2379 444 2442; x_wconf 90' lang='lat' dir='ltr'>quae</span> <span class='ocrx_word' id='word_1_180' title='bbox 467 2361 602 2426; x_wconf 87' lang='lat' dir='ltr'>surculis</span> <span class='ocrx_word' id='word_1_181' title='bbox 626 2366 657 2426; x_wconf 88' lang='lat' dir='ltr'>et</span> <span class='ocrx_word' id='word_1_182' title='bbox 678 2361 801 2446; x_wconf 90' lang='lat' dir='ltr'>lapillis</span> <span class='ocrx_word' id='word_1_183' title='bbox 823 2371 855 2426; x_wconf 89' lang='lat' dir='ltr'>et</span> <span class='ocrx_word' id='word_1_184' title='bbox 876 2360 911 2425; x_wconf 92' lang='lat' dir='ltr'>id</span> <span class='ocrx_word' id='word_1_185' title='bbox 931 2380 1034 2444; x_wconf 84' lang='lat' dir='ltr'>genus</span> <span class='ocrx_word' id='word_1_186' title='bbox 1060 2360 1183 2426; x_wconf 85' lang='lat' dir='ltr'>friuolis</span> <span class='ocrx_word' id='word_1_187' title='bbox 1205 2359 1364 2426; x_wconf 88' lang='lat' dir='ltr'>inhalatis</span> 
     </span>
     <span class='ocr_line' id='line_1_21' title="bbox 189 2471 1418 2541; baseline 0.006 -7"><span class='ocrx_word' id='word_1_188' title='bbox 189 2489 316 2535; x_wconf 88' lang='lat' dir='ltr'>omnem</span> <span class='ocrx_word' id='word_1_189' title='bbox 343 2472 437 2537; x_wconf 90' lang='lat' dir='ltr'>istam</span> <span class='ocrx_word' id='word_1_190' title='bbox 466 2473 571 2539; x_wconf 91' lang='lat' dir='ltr'>lucem</span> <span class='ocrx_word' id='word_1_191' title='bbox 599 2472 710 2537; x_wconf 91' lang='lat' dir='ltr'>muudi</span> <span class='ocrx_word' id='word_1_192' title='bbox 737 2471 886 2538; x_wconf 88' lang='lat' dir='ltr'>sideralis</span> <span class='ocrx_word' id='word_1_193' title='bbox 914 2472 988 2537; x_wconf 90' lang='lat' dir='ltr'>imis</span> <span class='ocrx_word' id='word_1_194' title='bbox 1010 2473 1140 2536; x_wconf 81' lang='lat' dir='ltr'>Tartari</span> <span class='ocrx_word' id='word_1_195' title='bbox 1162 2478 1195 2537; x_wconf 92' lang='lat' dir='ltr'>et</span> <span class='ocrx_word' id='word_1_196' title='bbox 1216 2471 1250 2535; x_wconf 93' lang='lat' dir='ltr'>in</span> <span class='ocrx_word' id='word_1_197' title='bbox 1271 2476 1364 2535; x_wconf 88' lang='lat' dir='ltr'>uetu-</span> <span class='ocrx_word' id='word_1_198' title='bbox 1385 2490 1418 2541; x_wconf 80' lang='lat' dir='ltr'>ao</span> 
     </span>
     <span class='ocr_line' id='line_1_22' title="bbox 188 2580 1364 2667; baseline -0.002 -20"><span class='ocrx_word' id='word_1_199' title='bbox 188 2588 272 2647; x_wconf 88' lang='lat' dir='ltr'>stum</span> <span class='ocrx_word' id='word_1_200' title='bbox 287 2580 386 2646; x_wconf 89' lang='lat' dir='ltr'>chaos</span> <span class='ocrx_word' id='word_1_201' title='bbox 402 2582 606 2667; x_wconf 83' lang='lat' dir='ltr'>submergere</span> <span class='ocrx_word' id='word_1_202' title='bbox 627 2583 726 2647; x_wconf 87' lang='lat' dir='ltr'>uouit.</span> <span class='ocrx_word' id='word_1_203' title='bbox 763 2602 839 2647; x_wconf 89' lang='lat' dir='ltr'>nam</span> <span class='ocrx_word' id='word_1_204' title='bbox 863 2582 957 2648; x_wconf 91' lang='lat' dir='ltr'>simul</span> <span class='ocrx_word' id='word_1_205' title='bbox 979 2602 1137 2666; x_wconf 88' lang='lat' dir='ltr'>quemque</span> <span class='ocrx_word' id='word_1_206' title='bbox 1152 2581 1364 2665; x_wconf 86' lang='lat' dir='ltr'>&#39;conspexerit</span> 
     </span>
     <span class='ocr_line' id='line_1_23' title="bbox 189 2690 1364 2775; baseline -0.001 -18"><span class='ocrx_word' id='word_1_207' title='bbox 189 2690 355 2775; x_wconf 85' lang='lat' dir='ltr'>speciosae</span> <span class='ocrx_word' id='word_1_208' title='bbox 377 2691 498 2757; x_wconf 77' lang='lat' dir='ltr'>formae</span> <span class='ocrx_word' id='word_1_209' title='bbox 526 2693 692 2775; x_wconf 89' lang='lat' dir='ltr'>iuuenem,</span> <span class='ocrx_word' id='word_1_210' title='bbox 722 2699 894 2758; x_wconf 85' lang='lat' dir='ltr'>uenustatc</span> <span class='ocrx_word' id='word_1_211' title='bbox 922 2693 992 2759; x_wconf 91' lang='lat' dir='ltr'>cius</span> <span class='ocrx_word' id='word_1_212' title='bbox 1021 2694 1156 2759; x_wconf 89' lang='lat' dir='ltr'>sumitur</span> <span class='ocrx_word' id='word_1_213' title='bbox 1177 2698 1209 2757; x_wconf 92' lang='lat' dir='ltr'>et</span> <span class='ocrx_word' id='word_1_214' title='bbox 1230 2692 1303 2756; x_wconf 83' lang='lat' dir='ltr'>ilico</span> <span class='ocrx_word' id='word_1_215' title='bbox 1326 2691 1364 2756; x_wconf 90' lang='lat' dir='ltr'>in</span> 
     </span>
     <span class='ocr_line' id='line_1_24' title="bbox 188 2800 1365 2896; baseline 0.002 -31"><span class='ocrx_word' id='word_1_216' title='bbox 188 2820 259 2865; x_wconf 93' lang='lat' dir='ltr'>eum</span> <span class='ocrx_word' id='word_1_217' title='bbox 283 2808 315 2866; x_wconf 87' lang='lat' dir='ltr'>et</span> <span class='ocrx_word' id='word_1_218' title='bbox 330 2802 462 2866; x_wconf 90' lang='lat' dir='ltr'>oculum</span> <span class='ocrx_word' id='word_1_219' title='bbox 485 2809 517 2867; x_wconf 89' lang='lat' dir='ltr'>et</span> <span class='ocrx_word' id='word_1_220' title='bbox 538 2803 680 2868; x_wconf 90' lang='lat' dir='ltr'>animum</span> <span class='ocrx_word' id='word_1_221' title='bbox 703 2802 880 2887; x_wconf 88' lang='lat' dir='ltr'>detorquet.</span> <span class='ocrx_word' id='word_1_222' title='bbox 912 2803 997 2896; x_wconf 44' lang='lat' dir='ltr'>‚serit</span> <span class='ocrx_word' id='word_1_223' title='bbox 1017 2802 1209 2884; x_wconf 89' lang='lat' dir='ltr'>blanditias,</span> <span class='ocrx_word' id='word_1_224' title='bbox 1234 2800 1365 2867; x_wconf 86' lang='lat' dir='ltr'>inuadit</span> 
     </span>
     <span class='ocr_line' id='line_1_25' title="bbox 189 2911 1447 2998; baseline -0.006 -21"><span class='ocrx_word' id='word_1_225' title='bbox 189 2911 346 2995; x_wconf 88' lang='lat' dir='ltr'>spiritum,</span> <span class='ocrx_word' id='word_1_226' title='bbox 369 2912 487 2979; x_wconf 85' lang='lat' dir='ltr'>amoris</span> <span class='ocrx_word' id='word_1_227' title='bbox 505 2912 655 2998; x_wconf 88' lang='lat' dir='ltr'>profundi</span> <span class='ocrx_word' id='word_1_228' title='bbox 678 2913 801 2997; x_wconf 87' lang='lat' dir='ltr'>pedicis</span> <span class='ocrx_word' id='word_1_229' title='bbox 829 2914 970 2979; x_wconf 89' lang='lat' dir='ltr'>aeternis</span> <span class='ocrx_word' id='word_1_230' title='bbox 998 2914 1119 2997; x_wconf 86' lang='lat' dir='ltr'>alligat.</span> <span class='ocrx_word' id='word_1_231' title='bbox 1156 2918 1231 2976; x_wconf 91' lang='lat' dir='ltr'>tunc</span> <span class='ocrx_word' id='word_1_232' title='bbox 1252 2911 1362 2978; x_wconf 89' lang='lat' dir='ltr'>miuus</span> <span class='ocrx_word' id='word_1_233' title='bbox 1384 2912 1447 2971; x_wconf 71' lang='lat'>[117]</span> 
     </span>
     <span class='ocr_line' id='line_1_26' title="bbox 189 3021 1416 3109; baseline 0.001 -24"><span class='ocrx_word' id='word_1_234' title='bbox 189 3022 364 3105; x_wconf 81' lang='lat' dir='ltr'>morigeros</span> <span class='ocrx_word' id='word_1_235' title='bbox 387 3030 419 3088; x_wconf 90' lang='lat' dir='ltr'>et</span> <span class='ocrx_word' id='word_1_236' title='bbox 441 3024 523 3090; x_wconf 86' lang='lat' dir='ltr'>uiles</span> <span class='ocrx_word' id='word_1_237' title='bbox 539 3022 669 3089; x_wconf 88' lang='lat' dir='ltr'>fastidio</span> <span class='ocrx_word' id='word_1_238' title='bbox 692 3024 726 3087; x_wconf 89' lang='lat' dir='ltr'>in</span> <span class='ocrx_word' id='word_1_239' title='bbox 749 3044 829 3090; x_wconf 85' lang='lat' dir='ltr'>saxa</span> <span class='ocrx_word' id='word_1_240' title='bbox 851 3031 882 3089; x_wconf 90' lang='lat' dir='ltr'>et</span> <span class='ocrx_word' id='word_1_241' title='bbox 901 3024 935 3089; x_wconf 91' lang='lat' dir='ltr'>iu</span> <span class='ocrx_word' id='word_1_242' title='bbox 957 3042 1061 3109; x_wconf 88' lang='lat' dir='ltr'>pecua</span> <span class='ocrx_word' id='word_1_243' title='bbox 1082 3029 1114 3087; x_wconf 88' lang='lat' dir='ltr'>et</span> <span class='ocrx_word' id='word_1_244' title='bbox 1134 3021 1272 3107; x_wconf 85' lang='lat' dir='ltr'>quoduis</span> <span class='ocrx_word' id='word_1_245' title='bbox 1291 3023 1363 3087; x_wconf 89' lang='lat' dir='ltr'>ani·</span> <span class='ocrx_word' id='word_1_246' title='bbox 1383 3026 1416 3075; x_wconf 78' lang='lat'>25</span> 
     </span>
     <span class='ocr_line' id='line_1_27' title="bbox 190 3132 1364 3218; baseline 0.001 -23"><span class='ocrx_word' id='word_1_247' title='bbox 190 3133 255 3197; x_wconf 91' lang='lat' dir='ltr'>mal</span> <span class='ocrx_word' id='word_1_248' title='bbox 282 3138 400 3215; x_wconf 87' lang='lat' dir='ltr'>puncto</span> <span class='ocrx_word' id='word_1_249' title='bbox 429 3133 596 3212; x_wconf 85' lang='lat' dir='ltr'>reformat,</span> <span class='ocrx_word' id='word_1_250' title='bbox 627 3134 708 3199; x_wconf 91' lang='lat' dir='ltr'>alios</span> <span class='ocrx_word' id='word_1_251' title='bbox 737 3152 814 3199; x_wconf 91' lang='lat' dir='ltr'>uero</span> <span class='ocrx_word' id='word_1_252' title='bbox 836 3154 969 3218; x_wconf 91' lang='lat' dir='ltr'>prorsus</span> <span class='ocrx_word' id='word_1_253' title='bbox 992 3133 1159 3216; x_wconf 76' lang='lat' dir='ltr'>extinguit.</span> <span class='ocrx_word' id='word_1_254' title='bbox 1197 3132 1277 3196; x_wconf 92' lang='lat' dir='ltr'>haec</span> <span class='ocrx_word' id='word_1_255' title='bbox 1298 3133 1364 3197; x_wconf 89' lang='lat' dir='ltr'>tibi</span> 
     </span>
     <span class='ocr_line' id='line_1_28' title="bbox 190 3241 1364 3328; baseline 0.002 -22"><span class='ocrx_word' id='word_1_256' title='bbox 190 3241 315 3327; x_wconf 90' lang='lat' dir='ltr'>trepido</span> <span class='ocrx_word' id='word_1_257' title='bbox 339 3243 530 3308; x_wconf 85' lang='lat' dir='ltr'>excauenda</span> <span class='ocrx_word' id='word_1_258' title='bbox 555 3262 682 3309; x_wconf 89' lang='lat' dir='ltr'>censeo.</span> <span class='ocrx_word' id='word_1_259' title='bbox 720 3264 795 3309; x_wconf 90' lang='lat' dir='ltr'>nam</span> <span class='ocrx_word' id='word_1_260' title='bbox 825 3250 857 3308; x_wconf 85' lang='lat' dir='ltr'>el</span> <span class='ocrx_word' id='word_1_261' title='bbox 884 3244 941 3308; x_wconf 91' lang='lat' dir='ltr'>illa</span> <span class='ocrx_word' id='word_1_262' title='bbox 969 3245 1033 3308; x_wconf 87' lang='lat' dir='ltr'>urit</span> <span class='ocrx_word' id='word_1_263' title='bbox 1060 3251 1249 3328; x_wconf 90' lang='lat' dir='ltr'>perpetuum</span> <span class='ocrx_word' id='word_1_264' title='bbox 1272 3249 1303 3308; x_wconf 90' lang='lat' dir='ltr'>et</span> <span class='ocrx_word' id='word_1_265' title='bbox 1327 3249 1364 3308; x_wconf 86' lang='lat' dir='ltr'>tu</span> 
     </span>
     <span class='ocr_line' id='line_1_29' title="bbox 188 3345 1056 3440; baseline 0.003 -23"><span class='ocrx_word' id='word_1_266' title='bbox 188 3372 247 3436; x_wconf 90' lang='lat' dir='ltr'>per</span> <span class='ocrx_word' id='word_1_267' title='bbox 270 3358 407 3417; x_wconf 90' lang='lat' dir='ltr'>aetatem</span> <span class='ocrx_word' id='word_1_268' title='bbox 431 3360 462 3418; x_wconf 91' lang='lat' dir='ltr'>et</span> <span class='ocrx_word' id='word_1_269' title='bbox 484 3353 754 3437; x_wconf 87' lang='lat' dir='ltr'>pulchritudinem</span> <span class='ocrx_word' id='word_1_270' title='bbox 776 3374 881 3440; x_wconf 86' lang='lat' dir='ltr'>capax</span> <span class='ocrx_word' id='word_1_271' title='bbox 903 3354 973 3420; x_wconf 91' lang='lat' dir='ltr'>cius</span> <span class='ocrx_word' id='word_1_272' title='bbox 996 3345 1056 3420; x_wconf 84' lang='lat' dir='ltr'>cs&#39;</span> 
     </span>
    </p>
   </div>
   <div class='ocr_carea' id='block_1_3' title="bbox 261 3647 1367 3735">
    <p class='ocr_par' dir='ltr' id='par_1_3' title="bbox 261 3647 1367 3735">
     <span class='ocr_line' id='line_1_30' title="bbox 261 3647 1367 3735; baseline 0.005 -21"><span class='ocrx_word' id='word_1_273' title='bbox 261 3666 271 3714; x_wconf 91' lang='lat'>1</span> <span class='ocrx_word' id='word_1_274' title='bbox 293 3667 412 3717; x_wconf 87' lang='lat' dir='ltr'>extrema</span> <span class='ocrx_word' id='word_1_275' title='bbox 429 3693 439 3715; x_wconf 59' lang='grc' dir='ltr'>ι</span> <span class='ocrx_word' id='word_1_276' title='bbox 455 3664 522 3733; x_wconf 77' lang='lat' dir='ltr'>isaii</span> <span class='ocrx_word' id='word_1_277' title='bbox 545 3665 563 3719; x_wconf 79' lang='lat' dir='ltr'>ir</span> <span class='ocrx_word' id='word_1_278' title='bbox 581 3664 609 3717; x_wconf 83' lang='lat' dir='ltr'>F.</span> <span class='ocrx_word' id='word_1_279' title='bbox 689 3668 704 3717; x_wconf 83' lang='lat'>5</span> <span class='ocrx_word' id='word_1_280' title='bbox 722 3664 812 3717; x_wconf 81' lang='lat' dir='ltr'>fontei</span> <span class='ocrx_word' id='word_1_281' title='bbox 827 3684 862 3733; x_wconf 74' lang='lat' dir='ltr'>p:</span> <span class='ocrx_word' id='word_1_282' title='bbox 880 3662 956 3718; x_wconf 85' lang='lat' dir='ltr'>fonte</span> <span class='ocrx_word' id='word_1_283' title='bbox 977 3647 1010 3729; x_wconf 69' lang='grc' dir='ltr'>(ὃ,</span> <span class='ocrx_word' id='word_1_284' title='bbox 1028 3664 1165 3735; x_wconf 76' lang='lat' dir='ltr'>uirprlam</span> <span class='ocrx_word' id='word_1_285' title='bbox 1183 3663 1245 3718; x_wconf 82' lang='lat' dir='ltr'>add.</span> <span class='ocrx_word' id='word_1_286' title='bbox 1263 3679 1367 3719; x_wconf 80' lang='lat' dir='ltr'>marrus</span> 
     </span>
    </p>
   </div>
   <div class='ocr_carea' id='block_1_4' title="bbox 188 3745 1458 3954">
    <p class='ocr_par' dir='ltr' id='par_1_4' title="bbox 188 3745 1458 3954">
     <span class='ocr_line' id='line_1_31' title="bbox 188 3745 1458 3855; baseline 0.006 -22"><span class='ocrx_word' id='word_1_287' title='bbox 188 3781 331 3843; x_wconf 70' lang='lat' dir='ltr'>resolutior)</span> <span class='ocrx_word' id='word_1_288' title='bbox 349 3782 380 3846; x_wconf 88' lang='lat' dir='ltr'>F,</span> <span class='ocrx_word' id='word_1_289' title='bbox 398 3781 504 3837; x_wconf 81' lang='lat' dir='ltr'>lomrtel</span> <span class='ocrx_word' id='word_1_290' title='bbox 525 3784 639 3839; x_wconf 81' lang='lat' dir='ltr'>coniecit</span> <span class='ocrx_word' id='word_1_291' title='bbox 656 3780 804 3855; x_wconf 78' lang='lat' dir='ltr'>Scioppius</span> <span class='ocrx_word' id='word_1_292' title='bbox 867 3745 1014 3838; x_wconf 54' lang='lat' dir='ltr'>discurrgnt</span> <span class='ocrx_word' id='word_1_293' title='bbox 1031 3803 1059 3852; x_wconf 75' lang='lat' dir='ltr'>p,</span> <span class='ocrx_word' id='word_1_294' title='bbox 1083 3781 1275 3837; x_wconf 80' lang='lat' dir='ltr'>discurrentF</span> <span class='ocrx_word' id='word_1_295' title='bbox 1348 3789 1365 3838; x_wconf 87' lang='grc'><strong>6</strong></span> <span class='ocrx_word' id='word_1_296' title='bbox 1457 3833 1458 3840; x_wconf 72' lang='grc'>,</span> 
     </span>
     <span class='ocr_line' id='line_1_32' title="bbox 188 3847 1458 3954; baseline 0.006 -28"><span class='ocrx_word' id='word_1_297' title='bbox 188 3879 220 3927; x_wconf 88' lang='lat' dir='ltr'>ut</span> <span class='ocrx_word' id='word_1_298' title='bbox 237 3888 301 3927; x_wconf 90' lang='lat' dir='ltr'>uere</span> <span class='ocrx_word' id='word_1_299' title='bbox 320 3872 466 3929; x_wconf 82' lang='lat' dir='ltr'>Branlios:</span> <span class='ocrx_word' id='word_1_300' title='bbox 490 3881 521 3929; x_wconf 89' lang='lat' dir='ltr'>ut</span> <span class='ocrx_word' id='word_1_301' title='bbox 543 3892 606 3930; x_wconf 89' lang='lat' dir='ltr'>rure</span> <span class='ocrx_word' id='word_1_302' title='bbox 623 3877 682 3949; x_wconf 71' lang='lat' dir='ltr'>For,</span> <span class='ocrx_word' id='word_1_303' title='bbox 702 3877 814 3946; x_wconf 80' lang='lat' dir='ltr'>superne</span> <span class='ocrx_word' id='word_1_304' title='bbox 832 3876 1054 3942; x_wconf 82' lang='lat' dir='ltr'>Hildebraadias,</span> <span class='ocrx_word' id='word_1_305' title='bbox 1079 3881 1110 3930; x_wconf 92' lang='lat' dir='ltr'>ut</span> <span class='ocrx_word' id='word_1_306' title='bbox 1127 3891 1195 3945; x_wconf 90' lang='lat' dir='ltr'>rupe</span> <span class='ocrx_word' id='word_1_307' title='bbox 1213 3872 1367 3954; x_wconf 68' lang='lat' dir='ltr'>Patrobios</span> <span class='ocrx_word' id='word_1_308' title='bbox 1457 3847 1458 3896; x_wconf 45' lang='lat'>¹</span> 
     </span>
    </p>
   </div>
   <div class='ocr_carea' id='block_1_5' title="bbox 173 3943 1458 4438">
    <p class='ocr_par' dir='ltr' id='par_1_5' title="bbox 189 3943 1365 4066">
     <span class='ocr_line' id='line_1_33' title="bbox 189 3943 1365 4066; baseline 0.005 -22"><span class='ocrx_word' id='word_1_309' title='bbox 189 3996 205 4044; x_wconf 84' lang='grc'>9</span> <span class='ocrx_word' id='word_1_310' title='bbox 224 3995 347 4061; x_wconf 89' lang='lat' dir='ltr'>optutum</span> <span class='ocrx_word' id='word_1_311' title='bbox 365 4001 395 4045; x_wconf 80' lang='lat' dir='ltr'>ut</span> <span class='ocrx_word' id='word_1_312' title='bbox 412 3992 467 4046; x_wconf 84' lang='lat' dir='ltr'>aid.</span> <span class='ocrx_word' id='word_1_313' title='bbox 483 3994 513 4044; x_wconf 72' lang='lat' dir='ltr'>F‘</span> <span class='ocrx_word' id='word_1_314' title='bbox 527 3997 555 4063; x_wconf 77' lang='grc' dir='ltr'>φ’</span> <span class='ocrx_word' id='word_1_315' title='bbox 641 3994 718 4049; x_wconf 88' lang='lat' dir='ltr'>deam</span> <span class='ocrx_word' id='word_1_316' title='bbox 735 3998 841 4050; x_wconf 82' lang='lat' dir='ltr'>nerium</span> <span class='ocrx_word' id='word_1_317' title='bbox 858 3996 972 4051; x_wconf 63' lang='lat' dir='ltr'>cenarit</span> <span class='ocrx_word' id='word_1_318' title='bbox 988 3995 1211 4066; x_wconf 81' lang='lat' dir='ltr'>Oudendorpias:</span> <span class='ocrx_word' id='word_1_319' title='bbox 1229 3943 1318 4064; x_wconf 52' lang='grc' dir='ltr'>ᾶεὲὲῗι</span> <span class='ocrx_word' id='word_1_320' title='bbox 1330 4000 1365 4065; x_wconf 89' lang='lat' dir='ltr'>F,</span> 
     </span>
    </p>

    <p class='ocr_par' dir='ltr' id='par_1_6' title="bbox 190 4080 1457 4161">
     <span class='ocr_line' id='line_1_34' title="bbox 190 4080 1457 4161; baseline 0.003 -24"><span class='ocrx_word' id='word_1_321' title='bbox 190 4082 250 4137; x_wconf 75' lang='lat' dir='ltr'>daur</span> <span class='ocrx_word' id='word_1_322' title='bbox 269 4080 298 4138; x_wconf 82' lang='lat' dir='ltr'>rh</span> <span class='ocrx_word' id='word_1_323' title='bbox 316 4085 389 4150; x_wconf 81' lang='lat' dir='ltr'>(add.</span> <span class='ocrx_word' id='word_1_324' title='bbox 410 4087 438 4140; x_wconf 77' lang='lat' dir='ltr'>iri</span> <span class='ocrx_word' id='word_1_325' title='bbox 459 4103 544 4158; x_wconf 75' lang='lat' dir='ltr'>marq.</span> <span class='ocrx_word' id='word_1_326' title='bbox 560 4092 624 4156; x_wconf 70' lang='lat' dir='ltr'>sulp</span> <span class='ocrx_word' id='word_1_327' title='bbox 719 4094 747 4141; x_wconf 93' lang='grc'>11</span> <span class='ocrx_word' id='word_1_328' title='bbox 767 4088 903 4143; x_wconf 79' lang='lat' dir='ltr'>identideu</span> <span class='ocrx_word' id='word_1_329' title='bbox 928 4091 1073 4161; x_wconf 72' lang='lat' dir='ltr'>(posterior</span> <span class='ocrx_word' id='word_1_330' title='bbox 1101 4104 1209 4144; x_wconf 77' lang='lat' dir='ltr'>ucorr.</span> <span class='ocrx_word' id='word_1_331' title='bbox 1235 4094 1264 4141; x_wconf 85' lang='lat' dir='ltr'>ia</span> <span class='ocrx_word' id='word_1_332' title='bbox 1281 4094 1318 4154; x_wconf 76' lang='lat' dir='ltr'>m)</span> <span class='ocrx_word' id='word_1_333' title='bbox 1342 4093 1370 4142; x_wconf 88' lang='lat' dir='ltr'><em>F</em></span> <span class='ocrx_word' id='word_1_334' title='bbox 1456 4125 1457 4130; x_wconf 19' lang='grc' dir='ltr'><strong>κ</strong></span> 
     </span>
    </p>

    <p class='ocr_par' dir='ltr' id='par_1_7' title="bbox 191 4139 1458 4255">
     <span class='ocr_line' id='line_1_35' title="bbox 191 4139 1458 4255; baseline 0.002 -25"><span class='ocrx_word' id='word_1_335' title='bbox 191 4182 221 4230; x_wconf 79' lang='lat'>12</span> <span class='ocrx_word' id='word_1_336' title='bbox 241 4178 405 4250; x_wconf 69' lang='lat' dir='ltr'>byrlrenaF</span> <span class='ocrx_word' id='word_1_337' title='bbox 488 4186 517 4235; x_wconf 83' lang='lat'>13</span> <span class='ocrx_word' id='word_1_338' title='bbox 538 4182 663 4235; x_wconf 81' lang='lat' dir='ltr'>lermoms</span> <span class='ocrx_word' id='word_1_339' title='bbox 681 4181 906 4255; x_wconf 79' lang='lat' dir='ltr'>Oudendorpias:</span> <span class='ocrx_word' id='word_1_340' title='bbox 925 4183 1057 4238; x_wconf 82' lang='lat' dir='ltr'>sermones</span> <span class='ocrx_word' id='word_1_341' title='bbox 1072 4183 1115 4252; x_wconf 75' lang='lat' dir='ltr'>Fp</span> <span class='ocrx_word' id='word_1_342' title='bbox 1204 4187 1234 4235; x_wconf 83' lang='grc'>14</span> <span class='ocrx_word' id='word_1_343' title='bbox 1252 4182 1316 4251; x_wconf 80' lang='lat' dir='ltr'>rnqd</span> <span class='ocrx_word' id='word_1_344' title='bbox 1340 4186 1367 4235; x_wconf 86' lang='lat' dir='ltr'><em>F</em></span> <span class='ocrx_word' id='word_1_345' title='bbox 1456 4139 1458 4232; x_wconf 57' lang='lat' dir='ltr'>i</span> 
     </span>
    </p>

    <p class='ocr_par' dir='ltr' id='par_1_8' title="bbox 173 4272 1369 4438">
     <span class='ocr_line' id='line_1_36' title="bbox 189 4272 1369 4346; baseline 0.008 -23"><span class='ocrx_word' id='word_1_346' title='bbox 189 4286 274 4325; x_wconf 88' lang='lat' dir='ltr'>com.</span> <span class='ocrx_word' id='word_1_347' title='bbox 293 4272 323 4323; x_wconf 86' lang='lat' dir='ltr'><em>F</em></span> <span class='ocrx_word' id='word_1_348' title='bbox 381 4278 441 4329; x_wconf 85' lang='grc'>’18</span> <span class='ocrx_word' id='word_1_349' title='bbox 460 4280 486 4328; x_wconf 87' lang='lat' dir='ltr'>et</span> <span class='ocrx_word' id='word_1_350' title='bbox 504 4279 566 4329; x_wconf 81' lang='lat' dir='ltr'>oute</span> <span class='ocrx_word' id='word_1_351' title='bbox 582 4291 661 4343; x_wconf 86' lang='lat' dir='ltr'>pnmr</span> <span class='ocrx_word' id='word_1_352' title='bbox 678 4292 728 4329; x_wconf 88' lang='lat' dir='ltr'>om.</span> <span class='ocrx_word' id='word_1_353' title='bbox 747 4277 792 4344; x_wconf 67' lang='lat' dir='ltr'>Fe</span> <span class='ocrx_word' id='word_1_354' title='bbox 862 4276 1075 4346; x_wconf 79' lang='lat' dir='ltr'>sepulchrath</span> <span class='ocrx_word' id='word_1_355' title='bbox 1158 4279 1190 4328; x_wconf 77' lang='lat'>25</span> <span class='ocrx_word' id='word_1_356' title='bbox 1210 4275 1306 4345; x_wconf 79' lang='lat' dir='ltr'>urbsp</span> <span class='ocrx_word' id='word_1_357' title='bbox 1326 4282 1369 4342; x_wconf 84' lang='lat' dir='ltr'>(et</span> 
     </span>
     <span class='ocr_line' id='line_1_37' title="bbox 173 4363 1211 4438; baseline 0.001 -20"><span class='ocrx_word' id='word_1_358' title='bbox 173 4402 176 4411; x_wconf 71' lang='lat'>.</span> <span class='ocrx_word' id='word_1_359' title='bbox 185 4370 252 4436; x_wconf 84' lang='lat' dir='ltr'>post</span> <span class='ocrx_word' id='word_1_360' title='bbox 268 4370 348 4433; x_wconf 83' lang='lat' dir='ltr'>corr.)</span> <span class='ocrx_word' id='word_1_361' title='bbox 368 4367 393 4418; x_wconf 91' lang='lat' dir='ltr'><em>F</em></span> <span class='ocrx_word' id='word_1_362' title='bbox 476 4372 507 4421; x_wconf 75' lang='lat'>27</span> <span class='ocrx_word' id='word_1_363' title='bbox 527 4367 683 4423; x_wconf 84' lang='lat' dir='ltr'>excauenda</span> <span class='ocrx_word' id='word_1_364' title='bbox 702 4370 742 4420; x_wconf 90' lang='lat' dir='ltr'>F:</span> <span class='ocrx_word' id='word_1_365' title='bbox 768 4369 890 4424; x_wconf 87' lang='lat' dir='ltr'>cauenda</span> <span class='ocrx_word' id='word_1_366' title='bbox 909 4391 928 4438; x_wconf 80' lang='grc' dir='ltr'><em>φ</em></span> <span class='ocrx_word' id='word_1_367' title='bbox 998 4369 1044 4423; x_wconf 82' lang='lat' dir='ltr'>ulla</span> <span class='ocrx_word' id='word_1_368' title='bbox 1062 4389 1096 4438; x_wconf 74' lang='lat' dir='ltr'>p:</span> <span class='ocrx_word' id='word_1_369' title='bbox 1115 4363 1163 4424; x_wconf 76' lang='lat' dir='ltr'>ult</span> <span class='ocrx_word' id='word_1_370' title='bbox 1185 4369 1211 4419; x_wconf 97' lang='lat' dir='ltr'><em>F</em></span> 
     </span>
    </p>
   </div>
   <div class='ocr_carea' id='block_1_6' title="bbox 1454 4409 1457 4700">
    <p class='ocr_par' dir='ltr' id='par_1_9' title="bbox 1454 4409 1457 4700">
     <span class='ocr_line' id='line_1_38' title="bbox 1455 4409 1457 4502; baseline 0 0"><span class='ocrx_word' id='word_1_371' title='bbox 1455 4409 1457 4502; x_wconf 85' lang='lat' dir='ltr'>l</span> 
     </span>
     <span class='ocr_line' id='line_1_39' title="bbox 1455 4505 1457 4596; baseline 0 0"><span class='ocrx_word' id='word_1_372' title='bbox 1455 4505 1457 4596; x_wconf 84' lang='lat' dir='ltr'>l</span> 
     </span>
     <span class='ocr_line' id='line_1_40' title="bbox 1454 4651 1455 4700; baseline 0 0"><span class='ocrx_word' id='word_1_373' title='bbox 1454 4651 1455 4700; x_wconf 87' lang='lat' dir='ltr'>l</span> 
     </span>
    </p>
   </div>
   <div class='ocr_carea' id='block_1_7' title="bbox 0 0 1475 4900">
    <p class='ocr_par' dir='ltr' id='par_1_10' title="bbox 0 0 1475 4900">
     <span class='ocr_line' id='line_1_41' title="bbox 0 0 1475 4900; baseline 0 0"><span class='ocrx_word' id='word_1_374' title='bbox 0 0 1475 4900; x_wconf 95' lang='lat' dir='ltr'> </span> 
     </span>
    </p>
   </div>
  </div>
 </body>
</html>
