2934 4900
214 201 252 262 18
727 212 820 258 unam
840 213 867 258 11

212 367 356 433 audirem
393 366 537 432 indidem
575 367 735 448 plumatas
764 371 797 430 et
823 363 957 430 arbores
988 381 1072 447 quae
1103 363 1278 448 pomerium
1314 381 1385 424 am·
1407 359 1458 422 [nt

212 479 319 543 birent
346 477 493 543 similiter
521 476 651 544 foliatae
680 484 713 542 et
739 476 890 541 fontanos
919 475 1032 540 latices
1054 473 1095 538 de
1116 472 1304 558 corporibus
1325 469 1386 534 hu-

214 589 318 655 manis
346 586 450 654 fluxos
479 585 651 652 crederem.
695 586 760 650 iam
790 592 914 652 statuas
941 592 974 650 et
1000 585 1160 668 imagines
1189 584 1385 659 incessurae,

214 686 354 785 parietes
385 698 563 778 loentrnos,
591 697 691 763 boues
714 704 747 762 et
767 695 800 762 id
822 715 926 779 genus
953 715 1057 780 pecua
1087 693 1230 758 dicturas
1251 710 1387 775 praesa·

214 811 317 893 glum
352 808 393 873 de
419 807 491 892 ipso
523 827 601 873 uero
630 806 720 872 caelo
752 813 784 872 et
813 806 936 872 iubaris
966 806 1044 870 orbe
1074 805 1180 871 subito
1213 808 1425 868 uenturums

216 921 388 988 oraculum.

55 1115 60 1120 .
162 1034 195 1097 ΙΙ
302 1030 355 1096 Sic
369 1029 534 1110 attonitus,
557 1029 653 1092 immo
675 1047 753 1092 uero
775 1027 940 1093 cruciabili
959 1025 1121 1092 desiderio
1133 1022 1281 1109 stupidus
1294 1023 1389 1088 nullo

217 1139 346 1225 quidem
361 1139 453 1204 initio
469 1139 520 1202 uel
536 1139 666 1204 omnino
687 1138 825 1222 uestigio
846 1137 1008 1222 cupidinis
1022 1156 1115 1202 meae
1130 1142 1256 1221 reperto
1270 1139 1392 1198 cuneta

218 1248 432 1315 circumibam.
470 1255 579 1313 tamen
606 1248 680 1314 dum
710 1249 744 1313 in
772 1249 851 1315 luxu
871 1249 1015 1331 nepotali
1037 1247 1133 1314 simul
1155 1245 1297 1311 ostiatim
1319 1243 1392 1309 sin·

219 1361 295 1444 gula
316 1377 460 1443 pererro,
488 1365 620 1442 repente
648 1379 700 1424 me
728 1359 873 1424 nescium
900 1359 1002 1424 iorum
1032 1356 1194 1442 crupidinis
1215 1355 1318 1421 intuli.
1359 1360 1394 1417 et
1417 1367 1444 1414 ro

219 1490 292 1536 ecce
307 1471 473 1534 mulierem
496 1469 681 1554 quampiam
696 1470 856 1553 frequenti
879 1469 1031 1553 stipatam
1056 1467 1254 1532 famulitione
1267 1464 1394 1529 ibidem

219 1581 421 1665 gradientem
450 1579 632 1644 adcelerato
660 1581 798 1663 uestigio
826 1578 1073 1663 comprehendo.
1111 1598 1224 1641 aurum
1246 1575 1280 1639 in
1301 1593 1392 1658 gem-

222 1693 283 1758 mis
313 1697 345 1757 et
372 1690 406 1755 in
434 1689 550 1756 tunicis
578 1690 624 1754 ibi
652 1688 822 1756 inflexum.
852 1690 903 1754 hic
930 1691 1088 1755 intextum
1116 1694 1294 1752 matronam
1315 1703 1395 1767 pro-

111 1887 115 1895 ·
221 1803 303 1869 fecto
326 1799 544 1865 confitebatur.
581 1799 676 1866 huius
698 1799 876 1866 adherebat
896 1800 989 1865 lateri
1011 1818 1112 1865 senex
1134 1802 1199 1862 iam
1220 1796 1329 1880 grauis
1354 1794 1392 1858 in

223 1912 328 1994 annis,
358 1911 412 1994 qui
434 1917 468 1975 ut
490 1909 627 1994 primum
648 1930 700 1974 me
715 1911 884 1994 conspexit
901 1902 978 1975 ‘est'
1003 1910 1108 1991 inquit
1125 1901 1304 1988 ‘Herculea
1326 1906 1394 1969 Lu·
1419 1922 1445 1969 n

223 2014 304 2088 cius'
335 2028 366 2085 et
388 2020 481 2085 offert
503 2020 646 2092 osculum
674 2026 706 2084 et
728 2020 836 2086 statim
858 2021 1014 2085 incertum
1037 2019 1191 2103 quidnam
1223 2019 1257 2082 in
1279 2035 1396 2081 aurem

223 2131 367 2197 mulieris
405 2131 572 2214 obganniit
605 2122 709 2214 ‘quin'
740 2131 843 2214 inquit
869 2123 979 2196 ‘etiam
1008 2131 1079 2214 ipse
1105 2136 1271 2214 parentem
1303 2134 1398 2191 tuam

224 2241 351 2307 accedis
381 2248 412 2306 et
434 2233 594 2306 salutasl'
631 2235 770 2307 ‘uereor'
799 2241 932 2324 inquam
956 2234 1099 2325 ‘ignotae
1128 2239 1207 2303 mibi
1236 2229 1395 2303 feminae’

225 2359 256 2418 et
279 2352 386 2418 statim
409 2351 524 2415 rubore
545 2351 685 2418 suffusus
699 2351 816 2416 reiecto
840 2352 945 2435 capite
967 2351 1081 2417 restiti.
1117 2356 1151 2414 at
1171 2350 1229 2414 illa
1250 2355 1401 2433 optutum

224 2463 259 2528 in
282 2482 333 2527 me
355 2482 511 2528 conuersa
536 2454 604 2527 ‘en'
629 2462 734 2546 inquit
752 2457 991 2528 ‘sanctissimae
1014 2462 1144 2527 Saluiae
1166 2459 1277 2527 matris
1299 2478 1402 2541 gene·
1420 2479 1448 2528 ao

225 2592 301 2639 rosa
322 2572 483 2660 probitas,
513 2571 571 2637 sed
594 2578 626 2637 et
647 2580 755 2638 cetera
776 2573 919 2657 eorporis
942 2572 1166 2638 execrabiliter
1186 2571 1229 2636 ad
1250 2570 1402 2652 regulam

227 2686 302 2767 [qua
330 2681 502 2766 diligenter
523 2681 644 2765 aliquid
669 2681 846 2767 adfingunt]
869 2690 943 2749 sunt
964 2683 1188 2765 congruentia:
1220 2680 1403 2745 inenormis

226 2793 418 2877 proceritas,
449 2794 615 2859 suculenta
641 2793 824 2878 gracilitas,
852 2793 950 2858 rubor
976 2798 1188 2878 temperatus,
1217 2790 1336 2856 flauum
1370 2799 1405 2855 et

228 2903 457 2971 inadfectatum
481 2903 680 2986 capillitium,
708 2904 791 2969 oculi
814 2904 912 2969 caesii
934 2903 1063 2987 quidem
1087 2903 1145 2970 sed
1167 2902 1282 2985 uigiles
1304 2908 1339 2965 et
1361 2902 1399 2965 in

227 3020 359 3099 aspectu
381 3013 537 3079 micantes
558 3033 690 3097 prorsus
712 3014 866 3098 aquilini,
895 3035 931 3080 os
960 3030 1216 3098 quoquouersum
1237 3009 1406 3093 floridum,
1422 3023 1448 3071 at

228 3124 394 3208 speciosus
417 3130 450 3189 et
471 3123 688 3189 immeditatus
709 3116 882 3190 incessus'

159 3228 208 3291 Ill
314 3234 355 3297 Et
370 3233 488 3299 adiecit
499 3228 573 3317 ‘ego
589 3240 620 3299 te
636 3254 654 3297 o
669 3234 749 3297 Luci
763 3234 844 3301 meis
864 3234 937 3300 istis
952 3234 1103 3301 manibus
1118 3233 1262 3313 educaui,
1286 3232 1405 3315 quidni

228 3343 373 3426 parentis
401 3350 475 3409 tuae
502 3362 568 3408 non
598 3343 692 3407 modo
723 3344 890 3427 sanguinis
918 3364 1029 3409 uerum
1052 3344 1277 3409 alimoniarum
1299 3343 1404 3408 etiam

230 3452 326 3517 socia.
364 3472 438 3517 nam
467 3458 500 3518 et
527 3453 651 3518 familia
678 3454 841 3519 Plutarchi
875 3455 989 3521 ambae
1017 3463 1196 3540 prognatae
1227 3473 1340 3519 sumus
1373 3461 1407 3519 et

194 3776 195 3781 Ἰ
301 3712 431 3766 lambrre
448 3720 510 3766 cente
533 3712 665 3767 emendat.
688 3714 824 3769 secandae
847 3731 943 3769 manias
960 3716 993 3778 F,
1017 3714 1159 3783 abnuente
1246 3716 1365 3779 Srmcro
1387 3717 1410 3766 F

230 3808 337 3870 reporto
355 3804 387 3854 F‘
472 3806 532 3859 bin
550 3807 616 3861 luxu
633 3807 752 3877 nepotali
770 3807 845 3862 timul
867 3807 982 3863 ostiatim
1008 3806 1107 3877 culpo:
1137 3823 1164 3859 rn
1192 3807 1257 3859 luxu
1275 3808 1409 3875 nepotale

232 3895 299 3948 lrmrl
322 3896 428 3951 hostrati
452 3900 494 3968 qu
522 3901 601 3963 (lixae
625 3903 740 3956 coniecit
762 3900 896 3972 Scaltper)
993 3904 1022 3953 12
1051 3900 1160 3968 gemmus
1189 3902 1229 3953 sic
1253 3900 1307 3969 Fp,
1333 3902 1413 3968 genri

232 3986 423 4056 cartiniacus,
448 3993 532 4046 cornil
551 3994 767 4049 Htldcbronda'os
862 3999 891 4049 13
908 3992 1028 4049 infletum
1045 3996 1099 4063 Fp,
1124 3993 1268 4061 implexum
1291 3992 1410 4063 Lepsios

233 4086 264 4134 14
282 4082 445 4138 adeherebat
463 4088 562 4157 (primo
580 4103 594 4140 e
612 4086 708 4149 deleto)
726 4090 751 4139 F
838 4094 868 4141 ll
886 4089 941 4157 rple
959 4105 1028 4144 corr.
1047 4093 1078 4140 ot
1094 4086 1150 4141 oid.
1169 4103 1207 4141 coc
1230 4087 1286 4153 rplo
1306 4090 1410 4159 (supra

232 4174 295 4229 add.
313 4194 331 4230 c
348 4193 419 4231 mort.
437 4179 523 4233 altero
541 4180 551 4232 l
567 4182 631 4248 rple)
657 4182 684 4233 c'n
702 4182 734 4246 F,
751 4182 845 4251 rpiep
931 4185 962 4235 22
983 4182 1051 4244 tunt]
1071 4179 1098 4234 [ι’
1118 4182 1148 4246 F,
1168 4176 1194 4233 lr’
1218 4183 1314 4248 (supro
1343 4181 1410 4234 odd.

234 4270 329 4337 [ιι-τηρ
398 4275 430 4323 24
449 4288 506 4343 ceci
525 4278 529 4347 l
551 4258 625 4341 srqdd
637 4274 699 4327 Fet
714 4275 875 4344 similiterp
944 4279 976 4328 25
995 4274 1106 4342 aqurhnr
1123 4278 1164 4337 os]
1182 4272 1294 4341 aqhmos
1310 4274 1411 4343 oich

233 4368 264 4418 27
284 4380 299 4418 o
319 4382 368 4419 om.
386 4366 418 4419 ll‘
487 4370 519 4420 29
539 4368 608 4420 locra
626 4386 656 4435 q:
678 4362 790 4421 locrdF
