2934 4900
560 197 632 282 cara¹
656 234 753 282 1-111
1202 223 1259 282 57.

67 393 198 471 quanto·
213 387 342 470 lougius
372 385 467 452 uideo
496 385 638 452 frondosi
668 387 810 452 nemoris
833 387 1014 452 conuallem
1047 387 1241 472 umbrosam,

67 499 160 566 ornus
189 499 273 564 inter
307 496 422 564 uarias·
446 496 600 564 herbulas
630 505 662 563 et
690 497 871 563 laetissima
903 497 1025 562 uireeta
1052 498 1241 581 fulgentium

67 629 217 676 rosarum
239 600 364 674 mineus
387 609 474 674 oolor
494 607 672 674 renidebat.
710 609 841 692 iamque
856 606 943 691 apud
958 627 1032 672 mea
1045 628 1111 673 non
1126 630 1241 693 usque·

68 739 198 804 quaque
226 719 331 786 lerina
358 718 549 803 praeeordia
579 718 713 786 Veneris
743 725 775 784 et
804 717 989 784 Gratiarum
1016 719 1123 783 luoum
1151 720 1242 784 illurn

33 861 46 906 5
66 831 261 908 arbitrabar,
284 829 374 896 ouuius
396 830 480 896 inter
495 848 597 914 opaea
613 837 738 896 seoreta
759 828 849 894 floris
871 827 1011 912 genialis
1035 829 1143 912 regius
1158 832 1243 895 nitor

66 941 242 1007 reluoebat.
287 947 363 1006 tuno
384 939 533 1005 inuocato
556 938 659 1005 hilaro
681 945 779 1021 atque
810 958 964 1025 prospero
988 939 1115 1004 Euentu
1148 961 1243 1006 oursu

66 1073 118 1118 ure
142 1051 265 1117 oouoito
287 1050 430 1136 proripio
454 1057 488 1114 ut
508 1049 646 1116 Hercule
676 1050 749 1134 ipse
771 1049 925 1115 sentirem
953 1070 1018 1114 non
1041 1049 1168 1116 asinum
1191 1071 1242 1125 me

66 1145 182 1228 uerum
205 1161 301 1226 etiam
325 1180 442 1244 equum
465 1161 623 1226 ourrulem
652 1160 754 1225 nimia
776 1159 946 1225 uelooitate
975 1160 1136 1225 refectum.
1181 1161 1238 1226 sod

63 1263 164 1355 'agilis
187 1277 284 1354 atque
306 1272 491 1354 praeclarus
513 1271 570 1336 ille
592 1249 725 1338 nouatus
749 1270 897 1335 fortunae
919 1289 1011 1334 meae
1033 1271 1241 1336 scaeuitatem

20 1403 46 1451 lo
66 1383 192 1448 anteire
221 1401 284 1447 non
307 1381 420 1466 potuit.
457 1381 521 1445 iam
550 1380 635 1448 euim
664 1381 734 1445 loeo
763 1381 929 1464 proximus
957 1401 1022 1444 non
1052 1381 1127 1448 illas
1148 1401 1241 1447 rosas

66 1503 197 1559 teneras
221 1499 253 1558 et
275 1511 428 1557 amoenas
445 1490 593 1558 madidas
616 1490 718 1556 diuini
739 1491 821 1555 roris
839 1497 876 1555 et
897 1489 1059 1574 nectaris,
1072 1511 1153 1576 quas
1169 1492 1242 1556 rubi
1276 1551 1278 1554 .

66 1604 178 1670 felioes
207 1603 323 1668 beatae
352 1603 467 1686 spinae
494 1609 668 1686 generant,
701 1621 740 1666 ao
761 1621 803 1666 ne
831 1602 1012 1666 oonuallem
1040 1600 1170 1686 quidem
1192 1621 1242 1667 us-

66 1735 164 1798 quam
193 1713 256 1780 nisi
286 1717 410 1779 tantum
438 1713 529 1797 ripae
560 1712 699 1778 fluuialis
728 1711 906 1795 marginem
939 1711 1050 1778 densis
1071 1712 1242 1778 arboribus

67 1830 216 1909 saeptam
245 1823 350 1889 uideo.
388 1823 451 1890 hae
480 1823 612 1889 arbores
640 1823 675 1888 in
702 1823 787 1887 lauri
814 1823 929 1888 faeiem
957 1823 1082 1907 prolixe
1110 1806 1242 1889 foliatae

21 1963 45 2009 15
65 1935 199 2021 pariunt
220 1934 253 2000 in
277 1933 418 1998 modium
440 1933 528 1999 floris
552 1932 642 1998 odori
672 1939 837 2017 porreotos
860 1933 1014 1999 oalieulos
1036 1932 1160 2012 modies
1182 1954 1240 2018 pu-

64 2047 230 2126 nioautes,
261 2064 341 2129 quos
364 2043 514 2135 equidem
536 2043 718 2126 fragrantes
749 2043 879 2109 minime
918 2043 1050 2109 rurestri
1084 2043 1242 2108 uooabulo

65 2157 183 2239 uulgus
199 2154 360 2220 indootum
373 2175 466 2222 rosas
479 2155 608 2220 laureas
623 2154 790 2238 appellant
802 2172 1001 2238 quarumque
1012 2154 1241 2239 ouuotopeoori

65 2266 157 2331 ribus
168 2265 276 2331 letalis
288 2271 346 2332 est.
370 2265 488 2331 talibus
500 2265 574 2331 fatis
585 2264 759 2348 implicitus
775 2264 871 2329 etiam
883 2265 989 2348 ipsam
1000 2263 1138 2330 salutem
1153 2283 1240 2329 reou·
1260 2259 1308 2322 Ill

65 2397 143 2442 saus
158 2382 272 2461 sponte
287 2375 367 2440 illud
384 2394 545 2440 uenenum
560 2377 717 2440 rosarium
732 2394 859 2440 sumere
873 2374 1063 2459 gestiebam.
1094 2372 1153 2440 sed
1164 2373 1240 2438 dum

65 2493 253 2553 eunotanter
275 2486 393 2551 aoeedo
416 2486 597 2571 decerpere,
620 2486 748 2552 iuuenis
764 2485 892 2569 quidem
914 2492 948 2550 ut
970 2486 1049 2550 mihi
1070 2483 1242 2551 uidebatur
1337 2557 1339 2564 ,

20 2602 46 2652 20
64 2598 272 2677 hortulanus,
310 2596 400 2663 ouius
434 2586 543 2661 omnia
576 2617 707 2680 prorsus
744 2596 858 2663 holera
893 2603 1113 2679 uastaueram‚
1150 2603 1240 2661 tanto

65 2708 185 2773 damno
208 2708 334 2791 cognito
357 2727 428 2773 oum
450 2706 566 2791 grandi
589 2707 703 2771 baoulo
717 2706 828 2773 furens
850 2706 990 2771 decurrit
1012 2714 1240 2791 arreptumque

65 2839 116 2886 me
139 2826 240 2883 totum
263 2818 369 2903 plagis
392 2815 540 2883 obtundit
562 2815 605 2881 ad
627 2836 729 2900 nsque
752 2818 840 2882 uitae
861 2816 1154 2902 ipsiusperioulum
1175 2818 1239 2883 nisi

64 2930 196 2996 tandem
227 2930 393 3011 sapienter
421 2927 564 3011 alioquin
591 2928 663 3011 ipse
691 2927 771 2993 mihi
794 2926 939 2992 tulissem
961 2926 1126 2991 auxilium.
1163 2948 1239 2992 nam

65 3041 185 3107 lumbis
208 3041 343 3107 eleuatis
365 3040 399 3105 in
422 3040 531 3120 altum,
555 3036 673 3122 pedum
693 3036 924 3122 posterioribus
946 3036 1089 3102 oaloibus
1111 3037 1238 3103 laetatis
1301 3072 1305 3081 ·

19 3162 46 3211 ts
65 3152 98 3217 in
121 3171 195 3216 eum
217 3150 387 3233 crebriter,
418 3150 482 3213 iam
511 3150 649 3214 muleato
677 3147 821 3231 grauiter
849 3152 946 3231 atque
974 3146 1100 3212 iaoente
1128 3154 1239 3212 eontra

65 3262 208 3346 prooliue
230 3261 346 3327 montis
361 3260 477 3344 attigui
498 3260 575 3343 fuga
590 3279 641 3325 me
655 3258 804 3323 liberaui.
841 3257 899 3324 sed
913 3257 988 3323 ilioo
1011 3258 1126 3323 mulier
1141 3277 1239 3341 quae·

65 3374 163 3457 piam,
187 3392 268 3437 uxor
290 3372 360 3437 eius
383 3369 512 3453 soilioet,
537 3370 632 3435 simul
655 3389 727 3435 eum
745 3375 940 3453 prostratum
963 3375 995 3433 et
1017 3368 1238 3434 semianimem

65 3501 107 3547 ex
128 3482 214 3547 edito
237 3480 400 3566 despexit,
430 3480 574 3546 eiulabili
597 3500 667 3545 oum
690 3481 847 3563 plangore
876 3479 918 3544 ad
941 3498 1014 3544 eum
1036 3479 1143 3545 statim
1166 3500 1239 3564 pro·

134 3815 264 3865 tenente
282 3810 316 3863 F‘
402 3794 543 3865 scurrulb
561 3810 601 3863 sio
617 3808 662 3877 Fp
737 3824 817 3862 nimio
835 3809 975 3863 uelocitatr
995 3808 1029 3861 F
1121 3770 1199 3863 9mee
1214 3814 1239 3872 (e

65 3902 129 3956 sala.
146 3920 216 3956 marr.
241 3904 384 3966 recentior)
408 3902 440 3966 F,
458 3918 538 3971 mep
627 3907 653 3954 11
675 3903 785 3955 amenas
798 3902 827 3955 F
921 3905 951 3953 12
970 3905 1000 3953 at
1016 3916 1050 3954 ne
1068 3901 1112 3970 Fp
1209 3907 1239 3955 14

67 3991 140 4063 septa
165 3995 193 4049 F
293 3996 543 4065 15pumeant1raz'
564 3994 702 4065 follorF
788 3994 930 4063 fraglantrt
945 3994 974 4047 F
986 3999 1018 4057 et,
1037 3994 1094 4058 (sed
1119 4012 1189 4049 corr.
1208 3996 1236 4049 ia

66 4088 248 4157 flagrantibus
320 4094 351 4143 lo
369 4090 465 4142 rureltr
483 4088 511 4141 F
575 4088 709 4143 uocabulo
727 4118 738 4139 ι
756 4089 823 4158 (suit
841 4090 860 4153 11
878 4088 910 4152 F,
927 4088 1100 4157 uocabulop
1178 4090 1241 4142 181

67 4183 95 4235 iu
112 4178 174 4235 latis
189 4182 218 4235 ia
235 4197 289 4235 ras.
309 4182 337 4236 r'a
353 4182 398 4251 Fe
485 4185 513 4235 11
537 4197 615 4261 noun
633 4180 806 4251 (talassiae
823 4181 844 4247 i)
863 4182 895 4246 F,
915 4198 1010 4251 ourzp
1088 4186 1121 4234 22
1138 4182 1237 4236 uaculo

67 4275 99 4327 F
164 4270 306 4344 abreptuq3
325 4274 369 4343 For
438 4279 470 4329 23
486 4273 512 4327 N
530 4275 558 4329 r'rr
575 4274 631 4328 err
649 4290 720 4329 corr.
738 4274 840 4329 ataid.
860 4291 898 4330 ex
915 4274 945 4327 M
962 4276 990 4329 in
1008 4275 1041 4339 F,
1059 4273 1152 4343 errp
1204 4278 1237 4329 26

66 4366 179 4423 mulcato
197 4386 215 4423 a
232 4368 352 4425 secunda
370 4384 451 4421 mauu
470 4385 539 4424 corr.
559 4369 587 4422 ab
605 4368 718 4423 multato
737 4368 766 4422 ia
783 4366 814 4435 F,
834 4368 952 4424 mulcato
970 4386 991 4438 φ
