2934 4900
252 236 293 300 82
791 249 884 296 urani
906 251 928 296 v

252 423 309 470 ora
329 402 481 468 conferat.
518 401 564 468 sio
586 401 640 466 ille
662 421 767 469 nouae
789 409 909 486 nuptae
931 401 1080 485 precibus
1102 400 1230 465 ueniam
1252 399 1369 465 tribuit
1387 404 1411 462 et

251 513 383 598 insuper
411 512 663 596 quibuscumque
699 511 797 576 uellet
833 530 889 576 eas
918 511 989 576 auri
1016 512 1076 576 uel
1098 511 1267 576 monilium
1296 509 1411 574 donare

251 624 406 690 concessit
427 622 485 688 sed
506 621 681 688 identidem
704 622 827 686 monuit
848 640 886 685 ac
909 641 1008 706 saepe
1040 622 1151 686 terruit
1173 620 1352 705 nequando
1373 639 1411 684 so

249 754 356 799 rorum
378 733 557 818 pernicioso
580 732 715 798 consilio
737 751 836 798 suasa
858 730 899 796 de
920 733 1022 797 tonna
1044 729 1161 796 mariti¹
1173 739 1310 814 quaerat
1337 749 1410 794 neue

251 863 285 910 se
307 844 466 926 sacrilega
486 843 671 908 curiositate
693 843 734 908 de
762 849 851 906 tanto
874 843 1073 907 fortunarum
1103 849 1256 924 suggestu
1286 851 1432 924 pessunt

250 955 368 1020 deiciat
394 973 454 1019 uec
490 973 581 1020 suum
618 959 731 1036 postea
767 952 933 1035 contingat
960 953 1152 1035 amplexum.
1196 952 1321 1035 gratias
1359 951 1410 1033 egit

250 1066 364 1130 marito
386 1065 514 1147 iamque
535 1063 649 1127 laetior
670 1063 778 1127 animo
798 1056 870 1128 ‘sed
892 1058 990 1144 prius‘
1015 1063 1119 1145 inquit
1138 1056 1274 1128 ‘centies
1297 1062 1409 1126 moriar

249 1193 345 1258 quam
366 1180 421 1240 tuo
443 1173 505 1240 isto
529 1172 714 1238 dulcissimo
738 1172 875 1237 conubio
897 1192 1034 1238 caream.
1059 1193 1131 1236 amo
1154 1172 1239 1238 enim
1262 1179 1295 1236 et
1316 1171 1407 1235 efflic-

248 1285 305 1350 tim
326 1291 368 1367 te,
392 1284 582 1368 quicumque
604 1302 650 1363 es,
673 1281 773 1365 diligo
789 1289 886 1366 atque
901 1290 935 1347 ut
961 1302 1066 1348 meum
1090 1282 1246 1365 spiritum,
1270 1301 1334 1346 uec
1356 1280 1408 1364 ipsi

248 1373 400 1478 dupidiui
423 1413 581 1478 comparo.
606 1391 664 1459 sed
684 1393 772 1458 istud
795 1393 891 1458 etiam
912 1393 993 1459 meis
1016 1392 1185 1478 precihus,
1208 1413 1273 1474 oro,
1297 1392 1407 1474 largire
1422 1404 1446 1471 lq

248 1511 279 1570 et
299 1505 347 1569 illi
368 1513 421 1568 tuo
444 1505 562 1569 famulo
584 1503 733 1588 Zephyro
762 1504 913 1587 praecipe
937 1504 1035 1568 simili
1058 1510 1191 1569 uectura
1212 1521 1341 1568 sorores
1363 1501 1405 1564 hic

247 1614 327 1679 mihi
350 1607 457 1682 sistat'
482 1621 513 1679 et
534 1614 723 1698 imprimens
755 1615 867 1679 oscula
894 1614 1043 1679 suasoria
1071 1620 1103 1678 et
1133 1614 1287 1696 ingerens
1316 1612 1407 1677 uerba

247 1725 420 1790 mulcentia
442 1732 473 1789 et
494 1725 632 1808 iungens
654 1724 797 1788 membra
819 1724 1003 1788 cohibentia
1025 1723 1106 1787 haec
1128 1723 1225 1788 etiam
1248 1721 1407 1788 blanditiis
1446 1734 1447 1759 ¹

247 1836 361 1903 astruit
380 1829 436 1901 ‘mi
459 1835 588 1916 mellite,
612 1834 801 1913 mimante,
824 1842 899 1899 tuae
922 1833 1069 1918 Psychae
1092 1832 1195 1899 dulcis
1218 1825 1349 1900 anima?
1380 1831 1407 1894 ui

247 1964 285 2011 ac
306 1949 465 2029 potestate
480 1945 616 2010 Veneris
638 1965 755 2011 usurus
777 1944 897 2018 inuitus
914 1944 1079 2010 succubuit
1093 1944 1227 2010 maritus
1249 1951 1281 2008 et
1303 1949 1407 2008 cuncta
1421 1955 1440 2002 o

234 2075 283 2121 ‘se
305 2055 461 2120 facturum
484 2055 657 2139 spopondit
678 2061 774 2138 atque
795 2055 860 2118 iarn
882 2054 954 2119 luce
975 2063 1186 2139 proxumante
1202 2053 1243 2119 de
1264 2054 1407 2119 manibus
1447 2044 1448 2067 l

244 2165 354 2230 uxoris
376 2166 517 2230 euanuit.

161 2256 219 2322 Vll
329 2275 371 2339 At
404 2275 481 2341 illae
510 2295 636 2341 sorores
670 2281 876 2359 percontatae
910 2275 1076 2358 scopulum
1111 2276 1280 2359 locumque
1316 2275 1404 2352 illurn,
1448 2350 1449 2353 Ἴ

245 2405 307 2469 quo
350 2385 453 2451 luerat
498 2385 624 2470 Psyche
665 2384 807 2467 deserta,
857 2384 1045 2454 festinanter
1088 2384 1266 2452 adueniuut
1287 2381 1288 2388 ’
1306 2385 1406 2468 ibique
1449 2438 1451 2488 Ι

244 2495 408 2561 deflebant
442 2497 552 2562 oculos
589 2501 621 2561 et
655 2496 855 2580 plangebant
897 2497 1014 2578 ubera,
1057 2495 1164 2578 quoad
1206 2497 1327 2562 crebris
1360 2515 1405 2559 ea·
1418 2498 1450 2576 21

243 2627 314 2671 rum
346 2606 542 2673 heiulatibus
575 2625 656 2671 saxa
682 2613 856 2690 cautesque
889 2607 1023 2692 parilem
1060 2626 1173 2672 sonum
1211 2608 1415 2673 resultarent
1449 2605 1450 2608 ’

244 2698 372 2801 iamque
394 2717 523 2782 nomine
545 2716 674 2800 proprio
704 2736 845 2782 sororem
873 2717 1023 2784 miseram
1053 2718 1181 2783 ciebant
1203 2716 1310 2802 quoad
1330 2734 1402 2780 sono

243 2826 435 2911 penetrabih
451 2826 538 2893 uocis
561 2827 725 2892 ululabilis
747 2847 806 2910 per
829 2847 932 2911 prona
946 2827 1081 2912 delapso
1096 2848 1209 2895 amens
1232 2836 1264 2894 et
1283 2824 1404 2907 trepida

242 2937 368 3021 Psyche
390 2938 546 3021 procurrit
568 2958 585 3002 e
608 2936 701 3001 domo
724 2944 756 3001 et
774 2930 878 3020 ‘quid'
911 2938 1014 3021 inquit
1039 2931 1109 3004 ‘uos
1138 2939 1265 3005 miseris
1292 2940 1403 3003 lamen·
1417 2935 1451 3003 pti

241 3047 416 3113 talionibus
437 3048 631 3132 nequiquam
655 3047 821 3129 effligitis‘?
844 3067 940 3130 quam
962 3048 1088 3131 lugetis,
1113 3048 1237 3115 adsum.
1261 3047 1402 3132 lugubres
1417 3068 1440 3124 rs

242 3177 338 3245 uoces
361 3156 499 3223 desinite
522 3165 553 3222 et
575 3158 707 3223 diutinis
729 3158 871 3222 lacrimis
893 3158 1060 3224 madentes
1076 3180 1178 3241 genas
1201 3160 1317 3225 siccate
1339 3165 1402 3220 tan-

242 3266 325 3347 dem,
350 3268 469 3351 quippe
492 3288 562 3331 cum
584 3268 649 3331 iam
672 3268 804 3352 possitis
826 3288 922 3351 quam
945 3269 1150 3352 plangebatis
1173 3259 1339 3354 amplecti?

313 3379 405 3440 Tunc
426 3386 574 3442 uocatum
597 3378 778 3463 Zephyrum
800 3379 964 3463 praecepti
986 3380 1144 3446 maritalis
1166 3378 1325 3445 admonet.
1346 3394 1399 3440 neo

242 3504 332 3549 mora
362 3505 433 3549 curn
461 3488 516 3552 ille
548 3508 667 3572 parens
697 3488 832 3569 imperio
862 3490 968 3555 statim
991 3489 1251 3555 clementissimis
1281 3488 1398 3554 flatibus

308 3794 322 3843 5
342 3786 424 3859 penlh
441 3790 485 3860 Fp
574 3794 603 3843 13
622 3789 744 3859 iungens]
762 3792 886 3859 rugerenl
901 3790 945 3860 Fe
998 3797 1114 3844 econtra
1132 3809 1149 3844 a
1166 3807 1218 3845 sec.
1237 3807 1317 3845 marm
1336 3801 1394 3843 corr.

239 3886 267 3939 io
286 3884 412 3938 cobentra
428 3884 477 3937 sed
493 3884 521 3937 ia
539 3900 624 3955 mory.
643 3883 805 3955 oddprimo
822 3900 919 3937 maus
936 3884 1107 3937 conhibentia
1124 3884 1153 3937 ia
1173 3884 1205 3949 F,
1225 3885 1395 3945 cohibentiae>

241 3982 272 4031 14
290 3977 388 4047 psyche
411 3977 440 4030 F
528 3982 557 4029 15
585 3977 661 4031 ursus
684 3978 799 4032 coniecit
822 3977 956 4031 Bromius
1050 3982 1081 4031 16
1104 3974 1216 4046 salturd
1243 3978 1307 4047 (suit
1331 3970 1393 4027 orl

237 4070 300 4139 iam]
319 4075 398 4124 eham
415 4069 459 4139 For
544 4074 573 4123 21
595 4072 710 4139 cautefq3
728 4087 781 4125 om.
799 4070 838 4124 F¹
924 4074 957 4123 24
975 4070 1062 4124 mrserr
1088 4073 1110 4131 11
1125 4070 1200 4124 odd·
1214 4087 1286 4126 moa.
1310 4079 1394 4121 reoru-

238 4190 283 4251 da)
308 4189 344 4255 F,
371 4188 506 4257 mileulp
592 4192 624 4241 25
642 4203 691 4243 nec
715 4204 859 4258 quicquam
877 4188 914 4254 F,
939 4152 1072 4259 neqlquam
1097 4208 1116 4257 φ
1203 4194 1235 4243 28
1254 4180 1397 4257 zephnhF

237 4289 327 4349 pceptr
345 4313 354 4333 2
374 4282 440 4352 (fait
467 4281 485 4344 l)
514 4279 551 4346 F,
577 4281 679 4350 pceptil
703 4302 723 4350 φ
819 4286 851 4335 29
879 4279 954 4336 mord
980 4284 1101 4354 (stipala
1127 4297 1226 4338 rursus
1253 4291 1337 4341 mosot
1361 4273 1392 4335 F,

237 4388 311 4427 mora
328 4393 347 4442 φ

456 4473 463 4501 i
