2934 4900
207 222 265 285 190
720 234 813 281 nram
834 234 857 279 x

201 390 362 475 pullorum
377 388 513 473 piscium
535 395 567 454 et
581 387 734 472 cuiusque
750 384 836 453 modi
852 386 1087 469 pulmentorum
1101 383 1306 466 largissimas
1323 403 1375 449 re-

201 501 329 585 liquias,
352 498 405 563 hic
418 518 521 585 panes
537 500 679 566 crustula
701 498 885 563 lucunculos
897 496 1010 563 hamos
1031 494 1204 561 lacertulos
1219 499 1251 559 et
1273 494 1373 579 plura
1400 488 1459 556 [245

202 611 394 677 scitamenta
415 610 545 676 mellita.
569 596 716 693 quicum
739 628 775 674 se
797 608 945 673 refecturi
967 608 1080 673 clausa
1094 604 1210 671 cellula
1231 604 1375 705 balneas

200 720 369 805 petissent,
391 720 510 787 oblatis
532 740 592 804 ego
614 719 770 785 diuinitus
792 717 931 804 dapibus
946 716 1081 783 adfatim
1097 713 1281 802 saginabar.
1306 733 1371 779 nec

203 830 289 897 enim
309 837 375 895 tam
398 832 513 897 stultus
535 850 624 896 eram
646 836 776 914 tamque
798 847 875 894 uere
896 828 1008 895 asinus
1031 836 1065 894 ut
1086 827 1281 894 dulcissimis
1303 829 1374 895 illis
1399 833 1415 881 5

81 930 173 995 ΧΠΠ
199 941 320 1007 relictis
341 941 423 1008 cibis
446 960 594 1007 cenarem
616 941 827 1026 asperrimum
850 940 988 1007 faenum.
1013 945 1045 1005 et
1066 938 1122 1004 diu
1145 938 1274 1023 quidem
1295 940 1371 1023 pul-

201 1051 356 1117 cherrime
389 1050 468 1116 mihi
495 1050 672 1117 furatrinae
701 1032 896 1135 procedebat
927 1044 1096 1115 artificium
1117 1050 1237 1135 quippe
1260 1048 1373 1115 adhuc

200 1160 310 1227 timide
332 1168 365 1227 et
386 1162 468 1227 satis
490 1181 593 1246 parce
610 1161 802 1245 subripienti
831 1160 872 1226 de
901 1166 967 1225 tam
996 1161 1105 1251 multis
1132 1159 1286 1245 pauciora
1308 1179 1375 1225 nec

107 1356 112 1364 Ι
200 1273 265 1338 illis
287 1270 417 1337 fraudes
438 1272 521 1337 ullas
543 1271 577 1336 in
600 1271 692 1337 asino
707 1271 956 1356 suspicantibus.
972 1278 1006 1335 at
1028 1271 1083 1335 ubi
1105 1269 1223 1336 fiducia
1243 1269 1373 1335 latendi

175 1422 184 1440 .
199 1382 344 1467 pleniore
357 1390 452 1467 capta
473 1388 582 1464 partes
597 1383 722 1466 opimas
739 1400 883 1465 quasque
899 1380 1094 1447 deuorabam
1117 1388 1149 1445 et
1170 1380 1365 1445 iucundiora
1399 1378 1430 1425 ¹0

200 1493 325 1576 eligens
346 1492 577 1575 abligurribam
600 1491 721 1574 dulcia,
745 1478 884 1574 suspicio
905 1512 970 1557 non
992 1492 1086 1557 exilis
1108 1491 1240 1556 fratrum
1262 1512 1370 1575 pupu-

200 1604 248 1687 git
268 1603 394 1668 auimcs
409 1608 441 1667 et
461 1623 656 1687 quamquam
670 1601 710 1666 de
732 1622 784 1667 me
800 1601 881 1666 nihil
896 1601 992 1667 etiam
1007 1597 1074 1666 tu'rn
1096 1602 1161 1668 tale
1182 1600 1365 1685 crederent,

200 1719 308 1778 tamen
331 1712 482 1778 cotidiani
497 1712 607 1778 damni
631 1712 774 1779 studiose
799 1712 1005 1796 uestigabant
1026 1732 1124 1794 reum,
1148 1711 1195 1776 illi
1210 1729 1288 1776 uero
1306 1732 1368 1797 po-

200 1831 318 1889 stremo
333 1825 430 1889 etiam
437 1830 546 1888 mutuo
554 1830 627 1889 sese
637 1824 772 1908 rapinae
785 1823 992 1908 turpissimae
1003 1823 1264 1888 criminabantur.
1286 1822 1371 1887 iam-

199 1953 262 2017 que
278 1953 387 1998 curam
409 1932 645 2017 diligentiorem
661 1939 693 1999 et
707 1933 862 1999 acriorem
878 1931 1076 1999 custodelam
1091 1938 1124 1998 et
1137 1932 1373 1999 dinumeratio·
1397 1934 1427 1981 ¹5

199 2063 273 2109 nem
295 2043 495 2111 adhibebant
509 2045 657 2127 partium.
680 2042 966 2127 tandemdenique
988 2050 1083 2127 rupta
1098 2042 1293 2111 uerecundia
1314 2044 1367 2109 sic

199 2154 282 2219 alter
297 2155 433 2219 alterum
456 2154 628 2237 compellat
652 2161 655 2167 ⁴

280 2256 335 2328 ‘At
356 2262 443 2329 istud
465 2263 528 2328 iam
551 2283 656 2347 neque
678 2284 815 2348 aequum
838 2284 877 2329 ac
898 2284 939 2329 ne
960 2263 1135 2329 humanum
1158 2262 1288 2347 quidem
1311 2283 1368 2329 co-

198 2372 277 2437 tidie
300 2393 339 2437 ac
360 2379 468 2457 partes
490 2374 658 2440 electiores
687 2374 847 2460 surripere
876 2383 972 2457 atque
994 2375 1041 2441 eis
1071 2373 1246 2441 diuenditis
1268 2392 1369 2459 pecu-

198 2484 276 2550 lium
298 2485 436 2549 latenter
457 2503 585 2568 augere,
609 2484 650 2550 de
671 2485 804 2568 reliquis
819 2487 957 2570 a'cquam
972 2485 1138 2550 uindicare
1159 2485 1370 2551 diuisionem.
1395 2490 1428 2539 20

199 2594 227 2660 si
250 2593 309 2658 tibi
331 2593 469 2678 denique
490 2595 627 2660 societas
649 2596 712 2661 ista
734 2594 891 2680 displicet,
914 2617 1085 2680 possumus
1101 2596 1208 2661 omnia
1230 2594 1369 2679 quidem

159 2731 166 2748 ·
199 2711 307 2770 cetera
328 2706 442 2771 iratres
464 2723 603 2786 manere,
626 2706 667 2770 ab
689 2706 750 2772 isto
773 2713 881 2772 tamen
903 2726 989 2772 nexu
1005 2706 1234 2772 communionis
1258 2705 1367 2772 disce-

199 2813 285 2880 dere.
329 2835 404 2880 nam
427 2815 525 2880 uideo
545 2817 580 2882 in
601 2817 791 2882 immensum
814 2816 923 2882 damni
946 2817 1170 2902 procedentem
1199 2817 1372 2898 querelam

199 2925 321 2990 nutrire
343 2925 437 2991 nobis
459 2927 633 2992 immanem
656 2919 871 2993 discordiam.²

283 3036 406 3102 Subicit
427 3037 510 3103 alius
529 3031 639 3103 ‘laudo
661 3038 757 3104 istam
780 3045 866 3104 tuam
889 3058 939 3104 me
960 3037 1114 3104 Hercules
1137 3037 1258 3121 etipse
1281 3055 1364 3102 con·
1394 3047 1426 3095 25

199 3148 352 3212 stantiam
390 3146 475 3230 quod
507 3148 623 3240 cotidie
659 3148 772 3214 furatis
805 3150 950 3214 clanculo
982 3148 1128 3232 partibus
1163 3147 1371 3232 praeuenisti

199 3255 431 3339 querimoniam
454 3275 550 3338 quam
572 3258 752 3325 diutissime
775 3261 937 3326 sustinens
965 3259 1081 3324 tacitus
1102 3257 1370 3341 ingemescebam

105 3388 108 3391 ·
199 3386 244 3430 ne·
262 3365 392 3432 uiderer
412 3367 546 3451 rapinae
569 3367 719 3434 sordidae
743 3388 847 3434 meum
870 3369 999 3434 fratrem
1022 3387 1167 3452 arguere.
1205 3367 1263 3434 scd
1286 3367 1375 3434 bene

200 3475 286 3559 quod
307 3477 559 3560 utrimquesecus
588 3498 732 3545 sermone
757 3481 882 3564 prolato
904 3481 1047 3546 iacturae
1068 3478 1245 3544 remedium
1267 3499 1369 3561 quae-

199 3588 280 3651 ritur
307 3607 348 3652 ne
381 3587 509 3653 silentio
542 3588 720 3672 procedens
756 3590 901 3656 simultas
929 3587 1105 3664 Eteocleas
1119 3588 1212 3654 nobis
1235 3595 1370 3655 conten·
1393 3601 1425 3651 so

201 3698 304 3762 tiones
327 3689 450 3780 pariat.³
1125 3687 1128 3694 ¹

270 3871 280 3919 l
293 3866 422 3933 cuiusque
429 3865 502 3919 modi
511 3868 611 3937 scrzpsi
616 3889 625 3918 :
641 3867 853 3924 coruscemodrr
878 3839 884 3854 ⁹
921 3853 1103 3920 tlucunculos
1116 3863 1371 3936 Scaliper:1ucun-

200 3985 312 4049 culoflr',
324 3946 456 4054 rufflculof
465 4004 485 4053 φ
553 3986 697 4042 laterculos
717 3987 832 4042 coniecit
854 3985 962 4040 Colotes
1040 3990 1069 4037 11
1088 3985 1143 4038 bio
1155 3980 1325 4052 ablrgurrrba
1344 3988 1374 4039 ia

198 4096 253 4133 ras.
262 4097 280 4132 a
288 4077 406 4133 secunda
416 4081 610 4151 manuscriptam
621 4082 649 4134 ia
661 4082 693 4145 F,
712 4079 879 4149 abligurriba'
886 4097 905 4146 φ
977 4083 1006 4132 12
1019 4092 1171 4146 quanquam
1184 4079 1208 4128 F
1248 4077 1337 4131 nrchrl
1346 4078 1377 4132 F

202 4177 232 4226 13
251 4172 389 4227 cotrdram·
407 4170 480 4239 (fuit
500 4171 520 4236 f)
537 4173 581 4240 Fp
670 4178 700 4227 19
717 4175 750 4228 nf
765 4175 809 4243 Fp
894 4178 927 4228 23
946 4168 1056 4242 quqrela
1072 4169 1100 4224 F
1182 4173 1213 4222 at
1232 4183 1373 4238 querimo-

199 4262 244 4320 ma
264 4265 291 4318 F
372 4269 404 4318 29
429 4265 587 4319 utrimsecus
613 4268 726 4322 coniecit
748 4266 878 4323 Heinsius
954 4271 1058 4336 recture
1082 4261 1170 4320 medrd
1195 4263 1370 4327 F,1acture

189 4354 326 4425 'medrdp
413 4362 445 4410 30
464 4352 618 4426 otentromb3
637 4359 679 4427 Fp
