2934 4900
203 227 262 290 184
714 242 807 291 nram
828 245 852 291 x
879 211 881 224 '

168 465 170 468 ,
200 395 372 463 seueritate
400 394 526 479 putauit
555 394 813 479 exasperandum
837 385 903 461 sed
923 403 1038 463 cautae
1067 396 1292 482 promissionis
1323 396 1376 463 di-

107 525 111 531 ·
198 505 320 573 latione
348 504 543 579 leniendum.
588 524 664 588 ergo
692 506 816 591 prolixe
843 506 1012 589 pollicetur
1039 514 1071 571 et
1099 506 1217 573 bouum
1240 512 1378 591 caperet

200 617 344 681 animum
371 614 601 699 refectionique
629 634 665 682 se
693 635 731 681 ac
754 616 852 683 saluti
884 614 1034 683 redderet
1065 616 1232 701 impendio
1252 616 1375 685 suadet
1394 621 1455 683 [24⁰]

200 726 302 792 donee
323 725 425 809 patris
447 722 556 809 aliqua
580 726 776 810 profectione
805 726 939 793 liberum
962 728 1119 811 uoluptati
1141 726 1376 793 concederetur

200 836 341 921 spatium
369 836 539 917 statimque
569 854 605 901 se
639 837 736 902 refert
758 856 778 901 a
799 836 896 902 noxio
924 844 1096 921 conspectu
1123 854 1292 903 nouercae.
1340 844 1406 903 ets

198 965 350 1030 magnam
384 945 498 1011 domus
530 944 655 1011 cladem
690 954 780 1015 ratus
816 947 964 1031 indigere
994 948 1129 1014 concilio
1157 948 1302 1033 pleniore
1326 947 1374 1013 ad

199 1056 359 1146 quendam
381 1062 563 1141 compertae
591 1056 762 1139 grauitatis
793 1057 997 1124 educatorem
1020 1078 1130 1125 senem
1152 1058 1299 1144 protinus
1322 1078 1375 1123 re·

198 1169 268 1233 fert.
312 1186 372 1233 uec
401 1167 572 1250 quicquam
594 1166 719 1239 diutina
746 1166 979 1234 deliberatione
1010 1160 1076 1234 tam
1104 1168 1233 1235 salubre
1262 1167 1374 1233 uisum

198 1298 294 1363 quam
316 1278 394 1360 fuga
415 1277 512 1343 celeri
539 1278 712 1360 procellam
742 1279 888 1345 fortunae
917 1279 1093 1345 saeuientis
1115 1278 1268 1345 euadere.
1310 1278 1374 1344 sed

198 1387 372 1472 impatiens
403 1388 457 1452 uel
489 1387 626 1471 exiguae
660 1387 825 1455 dilationis
859 1388 974 1454 mulier
1002 1388 1076 1455 ficta
1103 1389 1247 1471 qualibet
1268 1408 1373 1455 causa
1394 1406 1423 1455 ro

199 1498 367 1563 confestim
389 1499 505 1563 marito
520 1498 610 1564 miris
631 1496 806 1583 persuadet
827 1499 951 1565 artibus
967 1498 1009 1563 ad
1030 1499 1217 1582 longissime
1232 1498 1372 1566 dissitas

197 1608 353 1674 festinare
373 1608 514 1675 uillulas.
549 1628 612 1691 quo
633 1608 716 1673 facto
739 1614 918 1675 maturatae
941 1610 1011 1695 spei
1033 1610 1189 1676 uaesauia
1210 1628 1373 1694 praeceps

199 1828 287 1896 istud
308 1828 403 1893 modo
432 1828 522 1894 aliud
553 1847 670 1896 causae
706 1829 830 1895 fac-iens
864 1830 1077 1895 execrabilem
1105 1830 1275 1895 frustratur
1299 1830 1373 1897 eius

162 1951 165 1956 '
199 1946 404 2024 conspectum
428 1937 535 2021 quoad
556 1939 615 2004 illa
634 1939 816 2005 nuntiorum
839 1940 995 2006 uarietate
1016 1940 1279 2025 pollicitationem
1305 1941 1371 2006 sibi
1391 1959 1421 2008 15

199 2048 391 2133 denegatam
420 2048 590 2114 manifesto
618 2049 819 2133 perspiciens
848 2050 1026 2115 mobilitate
1058 2051 1181 2117 lubrica
1208 2050 1372 2115 nefarium

198 2179 340 2225 amorem
378 2158 420 2224 ad
456 2161 552 2243 longe
588 2159 729 2225 deterius
757 2160 975 2227 transtulisset
1003 2160 1111 2226 odium
1134 2166 1165 2227 ct
1193 2159 1371 2245 adsumpto

199 2272 307 2339 statim
330 2270 529 2353 nequissimo
547 2253 584 2334 ¹et
604 2269 647 2335 ad
669 2288 763 2335 omne
784 2270 908 2337 facinus
931 2271 1132 2355 emancipato
1148 2270 1288 2353 quodam
1313 2270 1371 2336 do·

147 2387 149 2390 ’
195 2382 253 2447 tali
275 2381 405 2447 seruulo
432 2378 589 2465 perfidiae
610 2399 690 2445 suae
711 2380 847 2445 consilia
876 2382 1086 2447 communicat
1113 2380 1372 2465 necquicquam

195 2492 313 2557 melius
345 2490 473 2556 uidetur
509 2510 606 2574 quam
642 2489 711 2555 uita
746 2491 897 2557 miserum
927 2492 1057 2576 priuarc
1085 2491 1244 2558 iuuenem.
1290 2511 1372 2576 ergo
1389 2506 1422 2556 ao

197 2602 318 2668 missus
333 2602 483 2666 continuo
498 2601 626 2665 furcifer
641 2619 800 2666 uenenum
815 2599 1071 2686 praetetianum
1087 2610 1253 2686 comparat
1266 2602 1371 2686 idque

184 2713 273 2779 ‘uino
294 2711 466 2794 diligenter
488 2710 623 2776 dilutum
645 2710 783 2778 insontis
810 2711 950 2798 priuigni
979 2719 1153 2797 praeparat
1174 2713 1281 2778 exitio.
1330 2733 1371 2778 ac

197 2822 273 2912 dum
296 2822 338 2888 de
359 2821 532 2887 oblationis
554 2821 793 2905 opportunitate
815 2840 922 2886 seeum
951 2823 1039 2888 noxii
1062 2822 1243 2889 deliberant
1264 2823 1370 2888 homi-

195 2955 269 3018 nes,
301 2935 382 2999 forte
403 2933 531 2996 fortuna
551 2951 632 3015 puer
654 2931 709 2996 ille
730 2931 845 3013 iunior,
869 2933 1017 3017 proprius
1040 2933 1201 3017 pessimae
1223 2933 1370 2998 feminae

194 3045 289 3126 filius,
312 3050 387 3128 post
408 3042 599 3107 matutinum
621 3041 764 3107 laborem
788 3041 963 3107 studiorum
986 3041 1114 3108 domum
1137 3063 1172 3110 se
1193 3043 1368 3128 recipiens,
1388 3049 1418 3098 ‘25

194 3153 334 3240 prandio
356 3155 420 3218 iam
443 3159 537 3236 capto
559 3151 672 3218 sitiens
700 3158 862 3236 repertum
884 3152 951 3217 uini
974 3154 1139 3238 poculum,
1169 3154 1202 3219 in
1226 3174 1289 3235 quo
1313 3175 1370 3220 ue-

194 3273 314 3329 n'enum
335 3261 458 3329 latebat
479 3262 646 3342 inclusum,
669 3263 798 3328 nescius
820 3261 942 3328 fraudis
966 3264 1108 3328 occultae
1124 3264 1275 3329 continuo
1296 3283 1370 3349 per·

195 3373 286 3438 duxit
317 3372 446 3453 haustu,
482 3378 579 3456 atque
611 3371 666 3434 ubi
698 3371 789 3436 fratri
812 3392 870 3438 suo
902 3379 1050 3457 paratam
1083 3379 1216 3438 mortem
1253 3375 1368 3456 ebibit,

195 3483 354 3550 exanimis
390 3489 494 3548 terrae
526 3480 706 3566 procumbit
738 3481 875 3566 ilicoque
903 3483 1073 3568 repentina
1101 3485 1191 3568 pueri
1220 3485 1368 3568 pernicie

192 3591 404 3678 paedagogus
427 3597 602 3658 commotus
624 3591 770 3658 ululabili
793 3594 931 3658 clamore
960 3599 1093 3658 matrem
1116 3599 1279 3676 totamque
1301 3595 1369 3660 ciet
1386 3604 1418 3653 to

194 3703 359 3768 familiam.
403 3703 532 3786 iamque
554 3702 681 3785 cognito
705 3721 783 3768 casu
804 3702 921 3768 noxiae
952 3702 1091 3786 potionis
1113 3703 1204 3768 uarie
1226 3705 1373 3788 quisque-

194 3812 414 3900 praeseutium
436 3819 583 3878 auctores
605 3812 835 3878 insimulabant
857 3814 990 3878 extremi
1013 3813 1175 3880 facinoris.
1209 3813 1268 3880 sed
1290 3813 1368 3880 dira

194 3925 253 3989 illa
276 3923 398 3990 femina
418 3928 451 3988 et
472 3921 614 3987 malitiae
635 3923 817 3988 nouercalis
834 3923 999 4006 exemplar
1013 3924 1141 3988 unicum
1163 3939 1229 3990 non
1244 3925 1369 3990 acerba

191 4034 249 4099 filii
278 4039 396 4101 morte,
426 4051 490 4096 uon
519 4031 684 4116 parricidii
713 4033 925 4115 conscientia,
955 4051 1019 4097 non
1041 4033 1213 4098 infortunio
1236 4033 1366 4117 domus,

260 4269 274 4318 2
293 4265 409 4334 pollicet
426 4285 460 4333 qr:
479 4265 623 4334 pollrceret
640 4265 669 4319 F
750 4271 781 4320 28
801 4267 876 4322 auftu
894 4266 922 4320 F
1003 4271 1083 4334 atque
1101 4285 1136 4334 p:
1160 4282 1204 4334 qur
1221 4267 1250 4320 io
1267 4281 1324 4318 rus.
1345 4285 1366 4320 a

191 4373 274 4410 mccc
291 4357 410 4412 secunda
427 4358 455 4412 F
536 4361 568 4412 29
586 4358 685 4428 rllrcoq3
703 4359 732 4413 F
813 4364 844 4414 33
864 4360 962 4450 acerba
978 4359 1008 4429 f:
1026 4374 1124 4414 acerna
1141 4359 1169 4413 ff
