2934 4900
594 229 667 278 ear.
691 231 807 277 vir-x
1208 252 1212 261 κ
1240 217 1281 280 23

105 387 207 466 caput
236 381 353 464 capillo
383 380 575 464 spoliaueris
603 388 635 446 et
661 382 775 448 facicm
812 382 924 447 natiua
956 383 1064 467 specie
1096 383 1280 465 nudaueris,

106 493 187 558 lieet
208 492 266 556 illa
288 493 378 557 caelo
401 490 541 572 deiecta,
564 491 646 558 mari
668 492 771 574 edita,
793 491 942 560 fluctibus
965 491 1116 576 educata,
1139 494 1215 560 lieet
1235 494 1282 559 in-

106 621 208 686 quam
230 599 340 668 Venus
368 602 442 687 ipsa
470 602 579 680 luerit,
614 602 689 684 lieet
717 603 804 668 omni
835 602 1020 669 Gratiarum
1042 604 1139 669 choro
1161 606 1282 689 stipata

107 719 140 777 et
165 718 230 777 toto
253 711 448 797 Cupidinum
474 713 593 797 populo
624 713 775 778 comitata
797 720 829 778 ct
850 713 958 779 balteo
981 715 1182 798 succincta,
1215 715 1281 780 cin-

57 835 77 882 5
105 843 208 888 mama
223 823 371 907 fragrans
394 830 426 889 et
440 823 589 888 balsama
610 842 724 890 rorans
739 825 833 889 ealua
853 825 1057 908 processerit,
1073 826 1201 910 placere
1215 845 1281 889 non

104 933 227 1016 poterit
253 953 312 999 nec
334 934 477 999 Vulcano
500 954 568 1000 suo.

195 1043 281 1120 Quid
303 1063 375 1109 curn
398 1044 524 1128 capillis
546 1044 634 1108 color
654 1051 767 1127 gratus
790 1050 821 1108 et
842 1044 927 1109 nitor
949 1043 1139 1128 splendidus
1161 1044 1279 1110 inlucet
1301 1033 1398 1098 VIIII

101 1160 137 1220 ct
162 1161 274 1219 contra
296 1155 375 1221 solis
397 1155 501 1220 aciem
523 1160 656 1238 uegetos
679 1155 820 1239 fulgurat
844 1155 897 1220 uel
918 1153 1066 1239 placidus
1087 1155 1204 1221 renitet
1225 1160 1282 1220 aut

102 1265 141 1329 in
171 1265 365 1330 contrariam
393 1265 531 1347 gratiam
562 1265 667 1329 uariat
695 1271 863 1350 aspectum
891 1271 923 1330 et
944 1284 1029 1331 nunc
1057 1285 1170 1330 aurum
1192 1284 1280 1330 coru·

39 1392 77 1441 10
102 1395 204 1442 seans
227 1376 260 1440 in
282 1377 387 1441 leuem
400 1375 505 1468 mellis
529 1373 718 1459 deprimitur
734 1374 890 1456 umbram,
913 1395 998 1441 nune
1021 1375 1153 1441 coruiua
1174 1375 1279 1459 nigre-

101 1485 183 1552 dine
212 1488 358 1553 cacrulos
387 1486 605 1552 columbarum
633 1484 725 1551 collis
753 1484 902 1552 flosculos
931 1487 1111 1551 aemulatur
1133 1478 1186 1551 uel
1208 1503 1278 1551 cum

98 1597 205 1680 guttis
227 1595 375 1662 Arabicis
404 1596 560 1662 obunctus
590 1602 622 1662 et
649 1595 786 1680 pectinis
815 1596 920 1678 arguti
942 1595 1037 1662 dente
1059 1595 1148 1662 tenui
1170 1594 1279 1662 discri-

97 1709 246 1772 minatur
273 1717 304 1772 et
326 1727 410 1793 pone
438 1727 568 1773 uersum
591 1712 719 1772 coactus
742 1707 896 1772 amatoris
918 1706 1018 1774 oculis
1041 1725 1210 1772 occurrens
1233 1705 1274 1771 ad

96 1818 208 1884 instar
231 1819 354 1903 speculi
376 1817 483 1884 reddit
503 1816 677 1900 imaginem
698 1816 896 1899 gratiorem?
927 1815 1004 1900 quid
1025 1835 1097 1881 cum
1118 1815 1277 1900 frequenti

38 1946 73 1994 15
99 1929 218 1996 sobole
251 1930 375 2014 spissus
398 1927 539 1994 cumulat
570 1927 722 1992 uerticem
752 1928 805 1992 uel
837 1927 965 2012 prolixa
993 1927 1078 1993 serie
1111 1933 1276 2012 porrectus

97 2039 203 2105 dorsa
231 2041 421 2123 permanat?
450 2046 540 2104 tanta
570 2036 710 2121 denique
739 2044 790 2102 cst
817 2037 1035 2122 capillamenti
1069 2036 1210 2120 dignitas
1242 2043 1277 2101 ut

98 2149 255 2234 quamuis
285 2170 363 2214 auro
385 2155 475 2216 ueste
504 2148 641 2232 gemmis
665 2147 816 2231 dumique
844 2153 949 2213 cetero
971 2145 1091 2212 mundo
1121 2153 1276 2212 exornata

99 2259 220 2325 mulier
247 2258 389 2342 incedat,
423 2265 532 2324 tamen
560 2258 624 2323 nisi
654 2257 806 2342 capillum
834 2257 1035 2338 distinxerit,
1069 2263 1183 2322 ornata
1210 2276 1276 2322 non

36 2441 73 2490 20
98 2369 208 2457 possit
230 2369 351 2436 audire.

8 2508 75 2573 119]
189 2480 254 2547 Sed
275 2481 310 2545 in
332 2500 405 2546 mea
419 2477 534 2543 Fotide
556 2498 621 2543 non
643 2498 798 2563 operosus
833 2477 891 2545 sed
916 2477 1118 2545 inordinatus
1141 2484 1275 2544 ornatus

95 2591 245 2659 addebat
259 2592 406 2675 gratiam.
444 2589 560 2683 uberes
582 2590 667 2653 enirn
683 2590 788 2653 crines
802 2588 919 2654 leniter
933 2588 1087 2654 remissos
1103 2592 1134 2652 et
1149 2586 1274 2652 ceruice

94 2702 302 2787 dependulos
335 2720 372 2767 ae
401 2700 477 2767 dein
509 2718 567 2785 per
595 2700 678 2764 colla
710 2697 884 2784 dispositos
922 2697 1106 2779 sensimque
1147 2697 1274 2763 sinuato

95 2814 234 2900 patagio
249 2811 438 2893 residentes,
461 2799 629 2895 paulisper
650 2808 693 2875 ad
715 2809 812 2875 finem
835 2808 1042 2892 conglobatos
1064 2808 1099 2871 in
1114 2828 1272 2873 summum

95 2923 257 2989 uerticem
279 2921 383 2989 nodus
406 2920 633 2987 adstrinxerat.

33 3046 70 3095 25
185 3033 252 3097 Nec
275 3032 395 3099 diutius
418 3032 506 3116 quiui
528 3037 651 3096 tantum
674 3030 848 3095 cruciatum
859 3027 1034 3110 uoluptatis
1057 3026 1197 3091 eximiae
1219 3047 1273 3091 su·
1293 3024 1326 3089 X

97 3146 223 3211 stinerc
239 3141 297 3209 scd
318 3162 439 3227 pronus
461 3141 496 3205 in
518 3160 588 3206 earn
611 3160 675 3223 qua
696 3139 761 3205 fine
778 3158 937 3205 summum
959 3155 1112 3202 cacumen
1135 3134 1272 3219 capillus

93 3251 261 3334 ascendit,
287 3252 535 3317 mellitissimum
558 3249 638 3315 illud
661 3250 787 3316 sauium
809 3247 970 3332 impressi.¹
1006 3253 1073 3311 tum
1095 3246 1152 3311 illa
1174 3245 1272 3310 cerui-

168 3538 297 3608 rcaprllo
316 3569 326 3591 ι
343 3539 409 3611 (fnit
427 3539 446 3605 s)
464 3540 497 3602 F,
516 3536 650 3604 caprllop
745 3528 884 3588 iderectd
902 3535 928 3584 F
943 3533 1084 3599 derectam
1159 3528 1269 3583 'dfra-

90 3631 174 3703 glcnl
189 3633 221 3694 F,
238 3631 390 3702 flagranlo
470 3628 575 3697 icum]
593 3634 659 3682 tunc
677 3630 719 3697 qu
798 3630 879 3681 daut
898 3625 1063 3681 Groslotr'as:
1081 3630 1110 3677 at
1127 3624 1169 3692 qu
1240 3627 1271 3676 10

89 3728 204 3788 leuet·
222 3725 285 3781 odd
303 3742 400 3779 munus
416 3740 496 3779 reuera
498 3724 613 3791 tiorlqo:
632 3721 733 3775 leneF
810 3724 838 3773 ll
859 3718 976 3773 cerulul
993 3720 1030 3778 tin
1047 3733 1102 3770 ras
1120 3715 1224 3785 suite3
1242 3717 1270 3769 in

89 3840 182 3894 nrarq.
191 3836 290 3875 rursus
297 3819 427 3890 scriptam
441 3816 590 3881 cerulultF,
605 3815 752 3882 ceruleulo
787 3812 960 3879 collrlsich
995 3811 1024 3864 ul
1033 3806 1067 3863 cd
1075 3810 1158 3877 guttis
1177 3809 1269 3876 sich

92 3914 265 3971 lssamstorrl
279 3913 370 3981 52¹ch
422 3913 564 3965 occurrent
573 3909 616 3977 Fo
688 3913 717 3961 15
738 3906 828 3960 subole
844 3921 914 3959 corr
933 3905 961 3958 in
986 3903 1074 3957 sobole
1094 3902 1130 3966 F,
1146 3901 1269 3968 sobolep

91 4016 124 4065 ll
146 4010 203 4063 lin
220 4008 345 4076 gemisco
362 4020 416 4059 rus
435 4004 463 4057 in
480 4003 512 4067 F,
530 4002 647 4070 gemula
736 4004 793 4053 19
810 3998 885 4051 adure
903 4012 929 4050 ra
946 3998 1060 4059 inras.;
1077 4011 1148 4049 corr.
1165 3992 1268 4047 ataid.

88 4120 130 4157 ex
147 4119 181 4169 u;
198 4116 285 4172 supra
302 4100 354 4155 boe
370 4096 530 4153 uocabulum
547 4094 625 4149 aliud
640 4112 658 4147 a
685 4092 804 4147 seranda
824 4108 908 4144 marca
929 4091 1060 4160 satiatam
1087 4088 1136 4143 sed
1152 4093 1268 4151 crurum)

88 4197 120 4251 n
132 4195 222 4249 ouen
246 4214 266 4263 φ
353 4198 382 4247 21
403 4189 522 4247 remruor
540 4172 773 4242 vlaridandus:
797 4183 903 4238 emunt
917 4183 977 4251 aa,
995 4181 1118 4237 dominor
1137 4180 1269 4234 abacos

90 4294 125 4343 23
144 4288 284 4357 eglouatol
299 4288 331 4341 F
417 4289 449 4338 24
468 4283 631 4344 adtraxerat‚
656 4279 749 4333 addito
766 4279 794 4331 ia
818 4278 942 4348 nrurpiac
965 4275 1144 4329 adstrinxerat
1169 4272 1201 4338 F,
1219 4271 1268 4327 ad-

89 4387 222 4445 traxerat‚
239 4397 327 4451 supra
345 4379 437 4433 addito
454 4378 464 4430 l
482 4374 631 4431 adstrrnirat
648 4388 667 4419 a
749 4357 787 4424 ‘27
807 4366 881 4423 sabrd
897 4369 922 4437 f,
942 4370 1016 4421 lauru
1034 4388 1054 4435 φ
