2934 4900
134 204 141 219 ⁴
201 233 262 297 208
343 209 350 224 ’
714 248 806 295 emar
827 248 865 294 xr

200 400 371 484 trilingues
393 398 539 485 Stygiam
561 400 798 485 Proserpinam,
821 400 981 467 Eleusinii
1002 406 1182 468 uestustam
1197 360 1300 484 'deam
1315 399 1377 465 Oe-

200 530 305 577 rerem
328 518 359 576 et
380 511 534 577 lunonem
557 511 631 593 alii,
654 510 822 576 Bellonam
844 511 918 589 alii,
941 512 1098 577 Hecatam
1119 512 1183 591 isti,
1206 511 1376 575 Rhamnu-

201 623 285 689 siam
306 620 364 703 illi‚
388 620 442 704 qui
463 606 628 687 nascentis
649 620 703 687 dei
726 621 812 689 Solis
835 622 1062 689 inchoantibus
1084 617 1300 693 inlustrantur
1321 641 1376 685 ra-

201 731 266 798 diis
294 730 471 815 Aethiopes
492 732 613 815 Arique
648 733 820 815 priscaque
849 732 996 797 doctrina
1031 732 1189 816 pollentes
1217 732 1377 817 Aegyptii

202 839 406 906 caerimoniis
428 861 480 907 me
501 843 641 927 propriis
663 844 863 927 percolentes
885 843 1053 927 appellant
1074 860 1151 907 uero
1173 842 1304 907 nomine
1326 856 1412 907 ree

201 953 312 1035 ginam
333 949 464 1017 Isidem.
508 951 623 1018 adsum
643 960 716 1019 tuos
738 954 892 1021 miserata
919 971 1030 1033 casus,
1060 951 1175 1019 adsum
1204 952 1318 1017 iacens
1342 960 1377 1017 et

202 1043 352 1147 propitia.
398 1064 486 1128 mitte
518 1064 584 1129 iam
615 1062 709 1129 fletus
743 1071 775 1130 et
809 1062 1057 1129 lamentationes
1086 1063 1213 1141 omitte,
1244 1061 1376 1147 depelle

202 1184 389 1239 maerorem.
433 1174 498 1239 iam
519 1174 580 1239 tibi
601 1173 806 1258 prouidentia
827 1192 899 1238 mea
920 1172 1087 1242 inlucescit
1109 1172 1179 1239 dies
1209 1172 1375 1239 salutaris.

202 1302 279 1366 ergo
301 1283 401 1366 igitur
421 1284 566 1367 imperiis
582 1284 653 1350 istis
668 1285 750 1350 meis
767 1284 910 1349 animum
932 1283 1063 1349 intende
1076 1284 1262 1350 sollicitum.
1285 1282 1375 1348 diem

203 1394 258 1477 qui
270 1392 352 1459 dies
366 1412 406 1458 ex
420 1394 485 1459 ista
498 1401 592 1459 nocte
607 1400 768 1475 nascetur,
792 1401 924 1460 aeterna
938 1393 1018 1458 mihi
1034 1394 1232 1477 nuncupauit
1247 1393 1375 1475 religio,
1401 1398 1429 1446 ¹0

203 1523 265 1587 quo
289 1503 410 1570 sedatis
432 1504 575 1571 hibernis
598 1505 845 1588 tempestatibus
867 1511 899 1569 et
920 1504 1029 1570 lenitis
1052 1503 1150 1570 maris
1182 1504 1376 1587 procellosis

202 1614 353 1681 fluctibus
375 1614 554 1698 nauigabili
575 1615 640 1679 iam
661 1615 779 1700 pelago
801 1613 913 1679 rudem
935 1614 1122 1681 dedicantes
1144 1614 1288 1679 carinam
1313 1616 1378 1697 pri-

205 1725 313 1791 mitias
335 1735 530 1792 commeatus
551 1725 655 1791 libant
676 1726 739 1792 mci
761 1723 955 1793 sacerdotes.
999 1725 1033 1790 id
1056 1745 1185 1791 sacrum
1205 1743 1267 1789 nec
1289 1725 1379 1790 solli-

75 1905 82 1925 ,
144 1838 189 1902 VI
210 1837 275 1900 cita
306 1854 366 1899 neo
397 1836 534 1920 prolana
553 1843 660 1902 mente
693 1835 827 1902 debebis
856 1836 1006 1920 opperiri.
1050 1855 1126 1899 nam
1157 1854 1228 1899 meo
1251 1835 1379 1900 monitu

206 1944 358 2013 sacerdos
380 1946 415 2011 in
436 1947 508 2029 ipso
529 1947 694 2031 procinctu
710 1964 849 2030 pompae
863 1965 991 2011 roseam
1006 1966 1104 2011 manu
1120 1944 1255 2011 dextera
1278 1944 1377 2011 sistro
1400 1950 1427 1998 15

206 2056 432 2122 cohaerentem
453 2057 595 2138 gestabit
616 2076 777 2123 coronam.
800 2059 1022 2122 incunctanter
1050 2075 1126 2139 ergo
1158 2055 1290 2121 dimotis
1315 2062 1379 2120 tur-

207 2167 293 2234 bulis
315 2168 424 2233 alacer
445 2166 632 2232 continuare
668 2187 819 2252 pompam
857 2186 929 2232 mea
965 2167 1109 2232 uolentia
1139 2166 1239 2231 fretus
1274 2172 1307 2231 et
1339 2165 1379 2257 de

207 2279 353 2361 proximo
375 2278 548 2342 clementer
571 2278 659 2341 uolut
679 2298 810 2343 manum
833 2276 1009 2343 sacerdotis
1032 2274 1271 2342 osculabundus
1293 2275 1380 2342 rosis

207 2386 368 2472 decerptis
390 2386 552 2469 pessimae
574 2387 716 2473 mihique
738 2387 907 2455 destabilis
923 2387 987 2452 iam
1003 2386 1124 2453 dudum
1146 2386 1261 2452 beluae
1283 2386 1381 2453 istius

208 2499 294 2563 corio
317 2505 349 2564 te
370 2499 518 2582 protinus
540 2517 632 2564 exue.
663 2518 722 2563 nec
746 2500 916 2583 quicquam
939 2518 1046 2563 rerum
1068 2517 1212 2563 mearum
1234 2497 1381 2582 reformi-
1399 2509 1429 2558 ro

208 2607 267 2674 des
290 2614 325 2672 ut
346 2608 491 2674 arduum.
514 2628 588 2698 nam
611 2608 672 2674 hoc
693 2607 806 2674 eodem
822 2617 982 2673 momento
997 2627 1060 2692 quo
1083 2607 1140 2673 tibi
1161 2606 1258 2674 uenio
1282 2607 1382 2673 simul

209 2726 241 2785 et
262 2719 309 2783 ihi
330 2738 486 2804 praesens
509 2739 592 2803 qnae
615 2727 690 2785 sunt
711 2719 881 2801 sequentia
903 2717 1062 2785 sacerdoti
1077 2737 1147 2783 meo
1163 2737 1221 2802 per
1236 2720 1381 2800 quietem

208 2829 359 2896 iacienda
379 2830 554 2916 praecipio.
577 2849 649 2895 meo
664 2830 756 2896 iussu
778 2830 836 2895 tibi
851 2829 1015 2895 constricti
1031 2828 1198 2894 comitatus
1221 2825 1382 2893 decedent

209 2941 331 3024 populi.
373 2958 433 3006 nec
468 2942 552 3007 inter
588 2940 710 3006 hilares
747 2939 961 3006 caerimonias
992 2946 1024 3005 et
1052 2938 1170 3004 festina
1193 2938 1382 3022 spectacula

210 3051 381 3134 quisquam
403 3050 579 3117 deformem
601 3051 697 3116 istam
720 3070 816 3135 quam
831 3050 918 3133 geris
940 3050 1057 3116 faciem
1079 3048 1304 3132 perhorrescet
1326 3047 1382 3113 uel
1400 3062 1431 3110 aa

210 3159 345 3243 liguram
372 3168 460 3227 tuam
489 3168 622 3246 repente
650 3166 805 3226 mutatam
841 3159 972 3244 sequius
1000 3160 1230 3244 interpretatus
1259 3157 1382 3240 aliquis

211 3271 354 3354 maligne
375 3272 606 3337 criminabitur.
650 3273 748 3355 plane
769 3270 954 3337 memineris
982 3277 1014 3337 et
1045 3270 1157 3355 penita
1178 3276 1288 3334 mente
1309 3287 1382 3332 con·

212 3379 314 3445 ditum
347 3401 473 3467 semper
504 3382 629 3448 tenebis
661 3382 741 3448 mihi
773 3383 899 3465 reliqua
935 3381 1022 3446 uitae
1058 3387 1133 3445 tuae
1155 3379 1316 3444 curricula
1339 3377 1384 3442 ad

211 3511 314 3574 usque
343 3493 497 3559 terminos
531 3492 634 3557 ultimi
667 3491 800 3578 spiritus
837 3490 967 3556 uadata.
1011 3509 1071 3555 nec
1092 3489 1260 3568 iniurium,
1291 3489 1384 3554 cuius

212 3601 371 3666 beneficio
405 3601 541 3668 redieris
576 3602 618 3667 ad
655 3602 802 3668 homines
833 3601 863 3667 ei
891 3608 991 3667 totum
1020 3600 1138 3666 debere
1167 3597 1255 3682 quod
1277 3597 1384 3664 uiues.
1404 3607 1432 3656 30

213 3713 306 3778 uiues
328 3717 435 3776 autem
457 3713 581 3796 heatus,
604 3712 697 3778 uiues
712 3712 747 3778 in
763 3731 836 3778 mea
858 3713 959 3777 tutela
980 3711 1138 3795 gloriosus
1161 3715 1192 3774 et
1214 3727 1287 3774 cum
1311 3729 1386 3794 spa·
1404 3716 1461 3790 [aso]

285 3957 394 4030 llttgrd
410 3962 439 4017 F
518 3963 625 4018 eleuhm
648 3961 695 4033 ch
789 3969 850 4019 2et
867 3962 929 4018 add.
946 3962 977 4033 f,
1001 3979 1052 4017 ont.
1076 3961 1119 4030 Fpr
1211 3961 1391 4030 hecatamF

215 4031 351 4137 ldamnuhd
368 4080 396 4133 F
477 4085 548 4152 laq
565 4082 602 4146 F,
627 4033 717 4152 seduc
811 4082 964 4150 lothropei
979 4080 1013 4190 lF
1104 4086 1134 4134 10
1152 4081 1322 4150 nuncupabit
1345 4083 1387 4150 Fp

218 4204 250 4253 16
267 4182 450 4254 coharentdF
518 4204 545 4253 l'l
564 4215 623 4255 mea
635 4201 759 4256 Celsius:
777 4196 837 4255 med
853 4202 878 4252 F
943 4200 1062 4254 uolentra
1071 4205 1090 4262 (1
1100 4199 1160 4254 cdd
1173 4215 1245 4253 crau.
1255 4201 1388 4256 secundat

217 4294 250 4356 F,
267 4293 423 4363 ublentrap
513 4296 542 4347 la
560 4293 667 4363 mrch1q3
695 4295 721 4345 F
805 4299 837 4348 22
854 4286 892 4348 ibi
917 4292 1078 4348 Volcacius:
1101 4292 1151 4348 trbr
1175 4295 1200 4344 F
1288 4299 1323 4348 24
1341 4296 1390 4365 hy-

216 4384 287 4438 lares
302 4386 330 4439 F
