2934 4900
232 242 289 304 186
551 288 556 299 .
741 253 832 299 nrum
854 254 876 299 x

273 336 282 365 ι

227 426 382 491 quesccus
411 404 660 488 allegationibus
688 402 881 469 examinatis
915 403 1054 469 ciuiliter
1082 404 1243 469 sententia
1269 422 1382 486 prome-

229 523 316 583 retur
337 535 397 582 nco
412 515 456 580 ad
476 515 577 581 instar
592 514 781 579 barbaricae
803 514 940 579 lenitatis
963 514 1015 579 uel
1037 514 1226 598 tyrannicae
1241 514 1381 598 impoten-

228 627 292 693 tiae
313 626 519 691 damnaretur
534 625 652 709 aliquis
668 624 833 689 inauditus
848 632 880 689 et
895 624 928 689 in
950 642 1030 708 pace
1051 623 1181 708 placida
1202 631 1267 688 tam
1289 621 1379 687 dirum

150 744 210 810 VH
232 738 361 804 saeculo
387 734 575 819 proderetur
610 735 803 818 exemplum.
846 733 967 819 placuit
1004 733 1132 799 salubre
1165 733 1326 799 consilium
1355 738 1379 795 ct

226 848 300 913 ilico
322 823 430 912 iussus
462 864 578 930 praeco
611 844 796 928 pronuntiat
823 852 933 929 patres
960 844 994 908 in
1023 846 1144 910 curiam
1178 843 1401 909 conuenirentt

227 958 343 1043 quibus
364 956 509 1041 protinus
532 954 698 1038 dignitatis
720 956 790 1020 iure
812 960 964 1021 consueta
991 955 1063 1019 loca
1091 952 1304 1019 residentibus
1324 974 1376 1016 rur-

229 1090 297 1135 sum
320 1068 490 1152 pracconis
513 1072 628 1130 uocatu
649 1065 772 1150 primus
802 1072 970 1137 accusator
997 1064 1125 1131 incedit.
1169 1071 1246 1129 tunc
1267 1062 1375 1128 demum

227 1179 382 1242 clamatus
411 1175 571 1241 inducitur
599 1175 696 1241 etiam
726 1195 800 1242 reus
828 1181 860 1241 et
888 1176 1034 1259 exemplo
1062 1176 1144 1259 legis
1166 1175 1289 1239 Atticae
1309 1173 1374 1237 blar-

228 1289 328 1372 tiique
348 1286 458 1351 iudicii
480 1305 599 1351 causac
619 1286 764 1370 patronis
787 1286 956 1351 denuntiat
975 1304 1093 1371 praeco
1107 1305 1213 1369 neque
1234 1282 1373 1370 principia

229 1399 336 1463 dicere
357 1416 462 1480 neque
483 1396 724 1463 miserationem
747 1415 955 1461 commouere.
980 1396 1059 1461 baec
1082 1394 1125 1460 ad
1146 1396 1242 1461 istum
1264 1393 1373 1459 modum
1393 1406 1412 1452 u

229 1514 322 1592 gesta
357 1507 574 1591 compluribus
609 1513 719 1570 mutuo
757 1507 1044 1572 sermocinantibus
1081 1506 1226 1589 cognoui.
1276 1504 1374 1588 quibus

228 1625 335 1683 autem
357 1616 465 1683 uerbis
488 1623 654 1683 accusator
676 1616 808 1699 urserit,
840 1616 956 1701 quibus
984 1616 1080 1682 rebus
1102 1615 1232 1681 diluerit
1260 1634 1327 1680 rcus
1346 1631 1375 1675 ac

226 1748 357 1814 prorsus
394 1728 556 1793 orationes
592 1728 881 1811 altercationesque
913 1745 1017 1808 neque
1052 1726 1122 1812 ipse
1151 1725 1270 1791 absens
1304 1721 1376 1807 apud

227 1838 432 1922 praesepium
463 1838 545 1902 scire
574 1855 678 1920 neque
706 1835 750 1901 ad
779 1857 838 1903 uos
861 1856 942 1920 quae
971 1836 1119 1920 ignoraui
1142 1856 1272 1920 possum
1294 1853 1376 1899 cuun-
1390 1896 1410 1943 a
1443 1820 1444 1841 ¹

225 1949 316 2030 tiarc,
339 1946 397 2014 sed
419 1967 503 2031 quae
524 1947 621 2030 plane
642 1948 783 2032 comperi
799 1948 842 2011 ad
863 1947 943 2013 istas
965 1947 1089 2012 litteras
1104 1946 1273 2030 proferam.
1295 1942 1375 2009 simul
1390 1958 1435 2029 [ab]

226 2058 312 2124 onim
333 2058 426 2122 linita
447 2062 497 2123 est
518 2056 691 2122 dicentium
713 2057 874 2122 contentio
903 2057 1069 2122 ueritatem
1093 2056 1260 2121 criminum
1282 2052 1376 2119 fidem·

228 2187 289 2251 que
310 2166 554 2253 probationibus
577 2168 672 2233 certis
694 2168 810 2233 instrui
831 2187 891 2233 nec
914 2167 1151 2252 suspicionibus
1173 2171 1295 2230 tantam
1315 2183 1376 2229 con·

225 2278 380 2343 iecturam
406 2277 547 2362 permitti
575 2278 696 2362 placuit
722 2284 819 2361 atquo
849 2278 938 2343 illum
961 2278 1164 2362 potissimum
1187 2296 1314 2342 seruum
1333 2271 1376 2356 qui

227 2389 315 2455 solus
335 2384 417 2452 haec
438 2386 484 2452 ita
505 2393 599 2470 gesta
620 2406 694 2455 csse
716 2388 798 2455 scire
820 2387 994 2472 diceretur,
1025 2388 1096 2456 sisti
1118 2387 1222 2454 modis
1245 2383 1376 2452 omnibus

226 2505 383 2584 oportere.
428 2517 487 2563 nec
507 2499 668 2563 tantillum
691 2500 866 2566 cruciarius
893 2500 949 2565 ille
972 2500 1024 2565 uel
1047 2500 1173 2564 fortuna
1194 2481 1265 2563 tam
1284 2491 1409 2578 maguill
1442 2529 1443 2574 p

224 2608 335 2674 iudicii
357 2609 409 2672 uel
431 2608 593 2673 confertae
607 2617 780 2693 conspeetu
795 2610 903 2675 curiae
917 2611 970 2676 uel
985 2615 1071 2676 certe
1085 2610 1183 2702 noxia
1197 2604 1377 2673 conscicntia

226 2740 286 2785 sua
307 2717 487 2800 deterritus,
511 2738 595 2802 quae
616 2719 687 2804 ipse
708 2719 847 2786 finxerat
869 2720 962 2804 quasi
983 2741 1062 2786 uera
1087 2719 1282 2785 adseuerare
1297 2724 1376 2797 atquc

226 2828 376 2895 adserere
399 2828 520 2915 incipit.
544 2828 630 2912 quod
653 2849 688 2895 sc
702 2838 852 2896 uocasset
872 2831 1060 2914 indignatus
1082 2828 1210 2895 fastidio
1234 2841 1376 2893 nouercae

225 2939 368 3019 iuuenis,
397 2939 483 3022 quod
511 2939 668 3006 ulciscens
695 2941 847 3005 iniuriam
875 2941 933 3005 filii
955 2941 1024 3007 eius
1047 2938 1249 3005 mandauerit
1269 2955 1375 3012 necem,

225 3049 310 3131 quod
324 3049 525 3134 promisisset
536 3049 660 3132 grande
677 3050 797 3115 silentii
818 3052 1005 3135 praemium,
1029 3049 1114 3132 quod
1130 3048 1288 3115 recusanti
1310 3064 1376 3110 mor·
1388 3049 1408 3098 a

224 3165 287 3224 tem
316 3160 359 3225 sit
386 3159 604 3240 comminatus,
643 3159 729 3244 quod
767 3179 923 3226 uenenum
961 3181 1020 3227 sua
1056 3143 1152 3225 manu
1179 3163 1375 3243 temperatum

224 3267 366 3333 dandum
388 3269 479 3334 tratri
500 3268 686 3349 reddiderit,
709 3269 795 3354 quod
816 3270 858 3336 ad
882 3271 1024 3337 oriminis
1046 3269 1268 3355 probationem
1290 3283 1375 3332 rescr·
1441 3343 1442 3354 χ

224 3386 333 3443 uatum
365 3381 511 3461 poculum
545 3381 725 3446 neclexisse
760 3381 940 3466 suspicatus
974 3402 1033 3448 sua
1064 3386 1261 3466 postremum
1293 3392 1374 3441 manu
1441 3363 1442 3372 ¹

224 3490 403 3572 porrexerit
431 3508 540 3574 puero.
584 3490 665 3556 haec
692 3491 811 3555 eximia
840 3493 925 3557 enim
960 3492 1003 3555 ad
1036 3490 1182 3556 ueritatis
1215 3486 1373 3571 imaginem

224 3598 401 3664 uerberone
423 3600 478 3664 illo
500 3593 649 3665 simulata
671 3620 741 3664 cum
764 3601 979 3686 trepidatione
994 3602 1173 3684 perierante
1195 3598 1315 3664 finitum
1334 3591 1407 3657 esti0

129 3720 207 3786 vffl
229 3708 390 3773 iudicium.
434 3710 684 3793 necquicquam
713 3711 920 3776 decurionum
947 3719 1012 3776 tam
1042 3730 1163 3795 aequus
1191 3707 1374 3776 remanserat

226 3819 335 3882 iuueni
357 3820 434 3902 quin
457 3839 528 3886 eum
551 3819 719 3887 euidenter
743 3842 846 3887 noxae
868 3829 1064 3904 compertum
1088 3823 1172 3886 insui
1195 3821 1296 3885 culleo
1316 3831 1373 3897 pr0·

225 3929 396 3995 nuntiaret.
434 3949 504 3995 cum
527 3931 593 3996 iam
615 3933 796 3998 sententiae
818 3951 913 4016 pares
935 3939 1119 3997 cunctorum
1141 3931 1184 3996 ad
1206 3949 1301 3996 unum
1322 3941 1373 3990 scr·
1440 3989 1441 4034 ἰ

288 4089 438 4144 tcuemrdr
447 4090 479 4143 lb
549 4090 683 4158 optma
747 4091 1106 4160 9pconeq3p:pconeq31l
1174 4093 1201 4142 l8
1214 4076 1372 4157 potrssrmls:

223 4179 360 4251 pptrllrmd
378 4185 422 4252 Fp
512 4187 541 4235 19
557 4183 624 4236 resta
641 4182 668 4235 F
750 4187 782 4236 20
800 4183 843 4238 uel
860 4182 946 4237 forma
964 4184 1078 4238 cotriecit
1095 4181 1229 4236 Bromius
1294 4179 1320 4229 'll
1338 4166 1371 4223 1¹⁰¹

224 4275 309 4345 clerte
324 4277 356 4345 f:
374 4276 443 4331 uelle
460 4274 545 4343 clerte
556 4276 587 4339 F,
605 4275 674 4344 uelle
691 4274 775 4347 clerte
795 4295 814 4344 φ
884 4280 916 4329 30
934 4276 1059 4332 simulata
1077 4291 1138 4332 cum
1146 4273 1318 4343 trepidatione
1328 4261 1371 4318 dr·

228 4367 409 4440 dendorpius:
428 4366 550 4424 lrmulatd
567 4372 747 4439 trepidatione
765 4371 808 4439 Fp
