<?xml version="1.0" encoding="UTF-8"?>
<!DOCTYPE html PUBLIC "-//W3C//DTD XHTML 1.0 Transitional//EN"
    "http://www.w3.org/TR/xhtml1/DTD/xhtml1-transitional.dtd">
<html xmlns="http://www.w3.org/1999/xhtml" xml:lang="en" lang="en">
 <head>
  <title>
</title>
<meta http-equiv="Content-Type" content="text/html;charset=utf-8" />
  <meta name='ocr-system' content='tesseract 3.04.00' />
  <meta name='ocr-capabilities' content='ocr_page ocr_carea ocr_par ocr_line ocrx_word'/>
</head>
<body>
  <div class='ocr_page' id='page_1' title='image "./metamorphoseonl00eyssgoog/metamorphoseonl00eyssgoog_0073.png"; bbox 0 0 2934 4900; ppageno 0'>
   <div class='ocr_carea' id='block_1_1' title="bbox 501 221 1209 308">
    <p class='ocr_par' dir='ltr' id='par_1_1' title="bbox 501 221 1209 308">
     <span class='ocr_line' id='line_1_1' title="bbox 501 221 1209 308; baseline -0.007 -24"><span class='ocrx_word' id='word_1_1' title='bbox 501 237 575 285; x_wconf 75' lang='lat' dir='ltr'>car.</span> <span class='ocrx_word' id='word_1_2' title='bbox 596 233 751 281; x_wconf 80' lang='lat' dir='ltr'>vr-vrru</span> <span class='ocrx_word' id='word_1_3' title='bbox 857 271 860 276; x_wconf 95' lang='lat'><em>.</em></span> <span class='ocrx_word' id='word_1_4' title='bbox 1171 221 1209 308; x_wconf 78' lang='grc'>111</span> 
     </span>
    </p>
   </div>
   <div class='ocr_carea' id='block_1_2' title="bbox 19 389 1329 3242">
    <p class='ocr_par' dir='ltr' id='par_1_2' title="bbox 19 389 1329 3242">
     <span class='ocr_line' id='line_1_2' title="bbox 47 389 1212 458; baseline -0.002 -4"><span class='ocrx_word' id='word_1_5' title='bbox 47 391 148 456; x_wconf 90' lang='lat' dir='ltr'>aureis</span> <span class='ocrx_word' id='word_1_6' title='bbox 163 390 371 456; x_wconf 88' lang='lat' dir='ltr'>inuehebant.</span> <span class='ocrx_word' id='word_1_7' title='bbox 408 391 442 456; x_wconf 95' lang='lat' dir='ltr'>hi</span> <span class='ocrx_word' id='word_1_8' title='bbox 464 391 562 458; x_wconf 82' lang='lat' dir='ltr'>simili</span> <span class='ocrx_word' id='word_1_9' title='bbox 584 392 714 455; x_wconf 89' lang='lat' dir='ltr'>lauacro</span> <span class='ocrx_word' id='word_1_10' title='bbox 734 389 827 455; x_wconf 89' lang='lat' dir='ltr'>refoti</span> <span class='ocrx_word' id='word_1_11' title='bbox 850 389 932 454; x_wconf 91' lang='lat' dir='ltr'>inter</span> <span class='ocrx_word' id='word_1_12' title='bbox 953 396 1040 453; x_wconf 87' lang='lat' dir='ltr'>toros</span> <span class='ocrx_word' id='word_1_13' title='bbox 1055 389 1212 453; x_wconf 87' lang='lat' dir='ltr'>sociorum</span> 
     </span>
     <span class='ocr_line' id='line_1_3' title="bbox 19 489 1213 586; baseline -0.002 -20"><span class='ocrx_word' id='word_1_14' title='bbox 19 491 33 558; x_wconf 80' lang='lat' dir='ltr'>t]</span> <span class='ocrx_word' id='word_1_15' title='bbox 49 521 113 566; x_wconf 88' lang='lat' dir='ltr'>sese</span> <span class='ocrx_word' id='word_1_16' title='bbox 134 507 310 586; x_wconf 86' lang='lat' dir='ltr'>reponunt,</span> <span class='ocrx_word' id='word_1_17' title='bbox 339 489 416 567; x_wconf 83' lang='lat' dir='ltr'>tune</span> <span class='ocrx_word' id='word_1_18' title='bbox 439 510 524 568; x_wconf 83' lang='lat' dir='ltr'>sorte</span> <span class='ocrx_word' id='word_1_19' title='bbox 554 501 639 567; x_wconf 90' lang='lat' dir='ltr'>ducti</span> <span class='ocrx_word' id='word_1_20' title='bbox 663 500 874 566; x_wconf 88' lang='lat' dir='ltr'>ministerium</span> <span class='ocrx_word' id='word_1_21' title='bbox 898 498 1028 564; x_wconf 84' lang='lat' dir='ltr'>faciunt.</span> <span class='ocrx_word' id='word_1_22' title='bbox 1065 507 1153 566; x_wconf 89' lang='lat' dir='ltr'>estur</span> <span class='ocrx_word' id='word_1_23' title='bbox 1174 518 1213 564; x_wconf 88' lang='lat' dir='ltr'>ao</span> 
     </span>
     <span class='ocr_line' id='line_1_4' title="bbox 47 597 1213 696; baseline -0.001 -21"><span class='ocrx_word' id='word_1_24' title='bbox 47 619 168 695; x_wconf 89' lang='lat' dir='ltr'>potatur</span> <span class='ocrx_word' id='word_1_25' title='bbox 189 610 353 677; x_wconf 78' lang='lat' dir='ltr'>incondite</span> <span class='ocrx_word' id='word_1_26' title='bbox 374 613 549 696; x_wconf 89' lang='lat' dir='ltr'>pulmentis</span> <span class='ocrx_word' id='word_1_27' title='bbox 571 597 763 693; x_wconf 79' lang='lat' dir='ltr'>aceiuatim,</span> <span class='ocrx_word' id='word_1_28' title='bbox 785 610 926 695; x_wconf 91' lang='lat' dir='ltr'>panibus</span> <span class='ocrx_word' id='word_1_29' title='bbox 946 609 1136 692; x_wconf 78' lang='lat' dir='ltr'>aggeratim,</span> <span class='ocrx_word' id='word_1_30' title='bbox 1159 629 1213 694; x_wconf 94' lang='lat' dir='ltr'>po·</span> 
     </span>
     <span class='ocr_line' id='line_1_5' title="bbox 49 720 1211 810; baseline 0.002 -26"><span class='ocrx_word' id='word_1_31' title='bbox 49 722 121 786; x_wconf 89' lang='lat' dir='ltr'>culis</span> <span class='ocrx_word' id='word_1_32' title='bbox 149 722 337 805; x_wconf 86' lang='lat' dir='ltr'>agminatim</span> <span class='ocrx_word' id='word_1_33' title='bbox 367 725 514 808; x_wconf 81' lang='lat' dir='ltr'>ingestis.</span> <span class='ocrx_word' id='word_1_34' title='bbox 551 725 690 788; x_wconf 88' lang='lat' dir='ltr'>clamore</span> <span class='ocrx_word' id='word_1_35' title='bbox 717 721 847 803; x_wconf 88' lang='lat' dir='ltr'>ludunt,</span> <span class='ocrx_word' id='word_1_36' title='bbox 877 722 1012 810; x_wconf 84' lang='lat' dir='ltr'>strepitu</span> <span class='ocrx_word' id='word_1_37' title='bbox 1035 720 1211 804; x_wconf 89' lang='lat' dir='ltr'>cantillant,</span> 
     </span>
     <span class='ocr_line' id='line_1_6' title="bbox 23 831 1213 917; baseline -0.001 -19"><span class='ocrx_word' id='word_1_38' title='bbox 23 851 33 898; x_wconf 82' lang='lat'>5</span> <span class='ocrx_word' id='word_1_39' title='bbox 49 831 196 898; x_wconf 83' lang='lat' dir='ltr'>conuiciis</span> <span class='ocrx_word' id='word_1_40' title='bbox 211 833 358 898; x_wconf 90' lang='lat' dir='ltr'>iocantur</span> <span class='ocrx_word' id='word_1_41' title='bbox 373 853 411 898; x_wconf 88' lang='lat' dir='ltr'>ao</span> <span class='ocrx_word' id='word_1_42' title='bbox 434 835 499 900; x_wconf 89' lang='lat' dir='ltr'>iam</span> <span class='ocrx_word' id='word_1_43' title='bbox 514 841 620 900; x_wconf 91' lang='lat' dir='ltr'>cetera</span> <span class='ocrx_word' id='word_1_44' title='bbox 636 833 795 900; x_wconf 78' lang='lat' dir='ltr'>semiferis</span> <span class='ocrx_word' id='word_1_45' title='bbox 810 831 960 917; x_wconf 85' lang='lat' dir='ltr'>Lapithis</span> <span class='ocrx_word' id='word_1_46' title='bbox 975 832 1213 897; x_wconf 88' lang='lat' dir='ltr'>debacchantur</span> 
     </span>
     <span class='ocr_line' id='line_1_7' title="bbox 50 940 1213 1027; baseline 0.003 -21"><span class='ocrx_word' id='word_1_47' title='bbox 50 940 275 1027; x_wconf 80' lang='lat' dir='ltr'>Centaurisque</span> <span class='ocrx_word' id='word_1_48' title='bbox 304 942 430 1010; x_wconf 85' lang='lat' dir='ltr'>similia.</span> <span class='ocrx_word' id='word_1_49' title='bbox 471 952 547 1010; x_wconf 90' lang='lat' dir='ltr'>tunc</span> <span class='ocrx_word' id='word_1_50' title='bbox 574 945 658 1010; x_wconf 91' lang='lat' dir='ltr'>inter</span> <span class='ocrx_word' id='word_1_51' title='bbox 691 963 747 1009; x_wconf 89' lang='lat' dir='ltr'>eos</span> <span class='ocrx_word' id='word_1_52' title='bbox 770 964 853 1008; x_wconf 89' lang='lat' dir='ltr'>unus</span> <span class='ocrx_word' id='word_1_53' title='bbox 873 943 930 1026; x_wconf 86' lang='lat' dir='ltr'>qui</span> <span class='ocrx_word' id='word_1_54' title='bbox 952 943 1067 1021; x_wconf 79' lang='lat' dir='ltr'>robore</span> <span class='ocrx_word' id='word_1_55' title='bbox 1089 949 1213 1010; x_wconf 88' lang='lat' dir='ltr'>ceteros</span> 
     </span>
     <span class='ocr_line' id='line_1_8' title="bbox 51 1046 1214 1139; baseline 0.002 -24"><span class='ocrx_word' id='word_1_56' title='bbox 51 1052 220 1118; x_wconf 86' lang='lat' dir='ltr'>antistabat</span> <span class='ocrx_word' id='word_1_57' title='bbox 249 1049 321 1120; x_wconf 89' lang='lat' dir='ltr'>‘nos</span> <span class='ocrx_word' id='word_1_58' title='bbox 345 1048 490 1139; x_wconf 89' lang='lat' dir='ltr'>quidem’</span> <span class='ocrx_word' id='word_1_59' title='bbox 522 1055 625 1139; x_wconf 88' lang='lat' dir='ltr'>inquit</span> <span class='ocrx_word' id='word_1_60' title='bbox 651 1046 794 1120; x_wconf 86' lang='lat' dir='ltr'>‘Milonis</span> <span class='ocrx_word' id='word_1_61' title='bbox 816 1052 973 1138; x_wconf 81' lang='lat' dir='ltr'>Hypatini</span> <span class='ocrx_word' id='word_1_62' title='bbox 1001 1052 1130 1118; x_wconf 92' lang='lat' dir='ltr'>domum</span> <span class='ocrx_word' id='word_1_63' title='bbox 1153 1053 1214 1118; x_wconf 89' lang='lat' dir='ltr'>for·</span> 
     </span>
     <span class='ocr_line' id='line_1_9' title="bbox 51 1163 1272 1255; baseline 0.002 -29"><span class='ocrx_word' id='word_1_64' title='bbox 51 1163 117 1228; x_wconf 90' lang='lat' dir='ltr'>titer</span> <span class='ocrx_word' id='word_1_65' title='bbox 143 1166 411 1248; x_wconf 82' lang='lat' dir='ltr'>expugnauimus.</span> <span class='ocrx_word' id='word_1_66' title='bbox 454 1171 584 1250; x_wconf 88' lang='lat' dir='ltr'>praeter·</span> <span class='ocrx_word' id='word_1_67' title='bbox 612 1171 734 1230; x_wconf 90' lang='lat' dir='ltr'>tantam</span> <span class='ocrx_word' id='word_1_68' title='bbox 764 1164 911 1229; x_wconf 87' lang='lat' dir='ltr'>fortunae</span> <span class='ocrx_word' id='word_1_69' title='bbox 939 1164 1080 1247; x_wconf 86' lang='lat' dir='ltr'>copiam,</span> <span class='ocrx_word' id='word_1_70' title='bbox 1117 1185 1213 1247; x_wconf 90' lang='lat' dir='ltr'>quam</span> <span class='ocrx_word' id='word_1_71' title='bbox 1270 1251 1272 1255; x_wconf 17' lang='grc' dir='ltr'><strong><em>ι</em></strong></span> 
     </span>
     <span class='ocr_line' id='line_1_10' title="bbox 51 1274 1214 1359; baseline 0 -22"><span class='ocrx_word' id='word_1_72' title='bbox 51 1281 153 1338; x_wconf 89' lang='lat' dir='ltr'>nostra</span> <span class='ocrx_word' id='word_1_73' title='bbox 176 1275 293 1340; x_wconf 90' lang='lat' dir='ltr'>uirtute</span> <span class='ocrx_word' id='word_1_74' title='bbox 316 1277 402 1342; x_wconf 89' lang='lat' dir='ltr'>nacti</span> <span class='ocrx_word' id='word_1_75' title='bbox 425 1297 553 1359; x_wconf 88' lang='lat' dir='ltr'>sumus,</span> <span class='ocrx_word' id='word_1_76' title='bbox 584 1282 616 1341; x_wconf 87' lang='lat' dir='ltr'>et</span> <span class='ocrx_word' id='word_1_77' title='bbox 637 1274 790 1340; x_wconf 90' lang='lat' dir='ltr'>incolumi</span> <span class='ocrx_word' id='word_1_78' title='bbox 818 1295 951 1340; x_wconf 88' lang='lat' dir='ltr'>numero</span> <span class='ocrx_word' id='word_1_79' title='bbox 974 1281 1081 1341; x_wconf 90' lang='lat' dir='ltr'>castra</span> <span class='ocrx_word' id='word_1_80' title='bbox 1102 1280 1214 1339; x_wconf 87' lang='lat' dir='ltr'>nostra</span> 
     </span>
     <span class='ocr_line' id='line_1_11' title="bbox 19 1384 1214 1470; baseline 0.003 -28"><span class='ocrx_word' id='word_1_81' title='bbox 19 1391 38 1442; x_wconf 89' lang='grc'>11</span> <span class='ocrx_word' id='word_1_82' title='bbox 53 1384 214 1467; x_wconf 86' lang='lat' dir='ltr'>petiuimus</span> <span class='ocrx_word' id='word_1_83' title='bbox 237 1392 269 1450; x_wconf 93' lang='lat' dir='ltr'>ct</span> <span class='ocrx_word' id='word_1_84' title='bbox 291 1385 397 1470; x_wconf 90' lang='lat' dir='ltr'>siquid</span> <span class='ocrx_word' id='word_1_85' title='bbox 420 1386 550 1451; x_wconf 89' lang='lat' dir='ltr'>adrem</span> <span class='ocrx_word' id='word_1_86' title='bbox 574 1386 658 1466; x_wconf 88' lang='lat' dir='ltr'>facit,</span> <span class='ocrx_word' id='word_1_87' title='bbox 682 1393 752 1450; x_wconf 90' lang='lat' dir='ltr'>octo</span> <span class='ocrx_word' id='word_1_88' title='bbox 775 1384 913 1470; x_wconf 88' lang='lat' dir='ltr'>pedibus</span> <span class='ocrx_word' id='word_1_89' title='bbox 935 1384 1094 1450; x_wconf 87' lang='lat' dir='ltr'>auctiores</span> <span class='ocrx_word' id='word_1_90' title='bbox 1115 1402 1214 1447; x_wconf 80' lang='lat' dir='ltr'>reme</span> 
     </span>
     <span class='ocr_line' id='line_1_12' title="bbox 53 1494 1214 1581; baseline 0 -23"><span class='ocrx_word' id='word_1_91' title='bbox 53 1497 179 1561; x_wconf 87' lang='lat' dir='ltr'>animus.</span> <span class='ocrx_word' id='word_1_92' title='bbox 215 1503 250 1562; x_wconf 88' lang='lat' dir='ltr'>at</span> <span class='ocrx_word' id='word_1_93' title='bbox 271 1517 330 1563; x_wconf 88' lang='lat' dir='ltr'>uos</span> <span class='ocrx_word' id='word_1_94' title='bbox 353 1497 408 1581; x_wconf 89' lang='lat' dir='ltr'>qui</span> <span class='ocrx_word' id='word_1_95' title='bbox 429 1497 580 1562; x_wconf 88' lang='lat' dir='ltr'>Boeotias</span> <span class='ocrx_word' id='word_1_96' title='bbox 602 1495 698 1562; x_wconf 86' lang='lat' dir='ltr'>urbes</span> <span class='ocrx_word' id='word_1_97' title='bbox 713 1495 895 1579; x_wconf 88' lang='lat' dir='ltr'>adpetistis,</span> <span class='ocrx_word' id='word_1_98' title='bbox 917 1495 988 1579; x_wconf 90' lang='lat' dir='ltr'>ipso</span> <span class='ocrx_word' id='word_1_99' title='bbox 1011 1494 1214 1559; x_wconf 90' lang='lat' dir='ltr'>duceuestro</span> 
     </span>
     <span class='ocr_line' id='line_1_13' title="bbox 52 1603 1213 1687; baseline 0.003 -19"><span class='ocrx_word' id='word_1_100' title='bbox 52 1605 215 1672; x_wconf 88' lang='lat' dir='ltr'>fortissimo</span> <span class='ocrx_word' id='word_1_101' title='bbox 251 1607 413 1672; x_wconf 80' lang='lat' dir='ltr'>Lamacho</span> <span class='ocrx_word' id='word_1_102' title='bbox 452 1607 607 1672; x_wconf 90' lang='lat' dir='ltr'>deminuti</span> <span class='ocrx_word' id='word_1_103' title='bbox 643 1607 782 1672; x_wconf 85' lang='lat' dir='ltr'>debilem</span> <span class='ocrx_word' id='word_1_104' title='bbox 825 1626 992 1671; x_wconf 89' lang='lat' dir='ltr'>numerum</span> <span class='ocrx_word' id='word_1_105' title='bbox 1029 1603 1213 1687; x_wconf 84' lang='lat' dir='ltr'>reduxistis,</span> 
     </span>
     <span class='ocr_line' id='line_1_14' title="bbox 53 1715 1214 1799; baseline 0.003 -21"><span class='ocrx_word' id='word_1_106' title='bbox 53 1715 133 1782; x_wconf 90' lang='lat' dir='ltr'>cuius</span> <span class='ocrx_word' id='word_1_107' title='bbox 161 1718 298 1784; x_wconf 88' lang='lat' dir='ltr'>salutem</span> <span class='ocrx_word' id='word_1_108' title='bbox 327 1719 440 1783; x_wconf 86' lang='lat' dir='ltr'>merito</span> <span class='ocrx_word' id='word_1_109' title='bbox 470 1717 606 1784; x_wconf 87' lang='lat' dir='ltr'>sarcinis</span> <span class='ocrx_word' id='word_1_110' title='bbox 638 1718 710 1784; x_wconf 88' lang='lat' dir='ltr'>istis</span> <span class='ocrx_word' id='word_1_111' title='bbox 744 1736 825 1799; x_wconf 90' lang='lat' dir='ltr'>quas</span> <span class='ocrx_word' id='word_1_112' title='bbox 853 1716 1032 1782; x_wconf 83' lang='lat' dir='ltr'>aduexistis</span> <span class='ocrx_word' id='word_1_113' title='bbox 1066 1716 1214 1782; x_wconf 90' lang='lat' dir='ltr'>omnibus</span> 
     </span>
     <span class='ocr_line' id='line_1_15' title="bbox 54 1827 1216 1915; baseline 0.002 -26"><span class='ocrx_word' id='word_1_114' title='bbox 54 1828 256 1892; x_wconf 88' lang='lat' dir='ltr'>antetulerim.</span> <span class='ocrx_word' id='word_1_115' title='bbox 310 1827 369 1896; x_wconf 90' lang='lat' dir='ltr'>sed</span> <span class='ocrx_word' id='word_1_116' title='bbox 402 1829 491 1908; x_wconf 89' lang='lat' dir='ltr'>illum</span> <span class='ocrx_word' id='word_1_117' title='bbox 525 1827 654 1915; x_wconf 89' lang='lat' dir='ltr'>quidem</span> <span class='ocrx_word' id='word_1_118' title='bbox 685 1835 856 1911; x_wconf 89' lang='lat' dir='ltr'>utcumque</span> <span class='ocrx_word' id='word_1_119' title='bbox 888 1827 990 1891; x_wconf 87' lang='lat' dir='ltr'>nimia</span> <span class='ocrx_word' id='word_1_120' title='bbox 1020 1828 1122 1894; x_wconf 84' lang='lat' dir='ltr'>uirtus</span> <span class='ocrx_word' id='word_1_121' title='bbox 1155 1848 1216 1892; x_wconf 88' lang='lat' dir='ltr'>sua</span> 
     </span>
     <span class='ocr_line' id='line_1_16' title="bbox 19 1937 1214 2022; baseline 0.005 -26"><span class='ocrx_word' id='word_1_122' title='bbox 19 1947 38 1996; x_wconf 77' lang='lat' dir='ltr'>tt</span> <span class='ocrx_word' id='word_1_123' title='bbox 53 1939 188 2019; x_wconf 84' lang='lat' dir='ltr'>peremit.</span> <span class='ocrx_word' id='word_1_124' title='bbox 225 1940 273 2003; x_wconf 92' lang='lat' dir='ltr'>int</span> <span class='ocrx_word' id='word_1_125' title='bbox 274 1959 309 2004; x_wconf 88' lang='lat' dir='ltr'>er</span> <span class='ocrx_word' id='word_1_126' title='bbox 341 1939 432 2003; x_wconf 89' lang='lat' dir='ltr'>inclit</span> <span class='ocrx_word' id='word_1_127' title='bbox 419 1947 469 2005; x_wconf 90' lang='lat' dir='ltr'>tos</span> <span class='ocrx_word' id='word_1_128' title='bbox 500 1957 594 2022; x_wconf 82' lang='lat' dir='ltr'>reges</span> <span class='ocrx_word' id='word_1_129' title='bbox 622 1959 661 2004; x_wconf 90' lang='lat' dir='ltr'>ac</span> <span class='ocrx_word' id='word_1_130' title='bbox 689 1937 788 2003; x_wconf 88' lang='lat' dir='ltr'>duces</span> <span class='ocrx_word' id='word_1_131' title='bbox 817 1938 1011 2021; x_wconf 90' lang='lat' dir='ltr'>proeliorum</span> <span class='ocrx_word' id='word_1_132' title='bbox 1041 1938 1122 2002; x_wconf 90' lang='lat' dir='ltr'>tanti</span> <span class='ocrx_word' id='word_1_133' title='bbox 1152 1939 1214 2002; x_wconf 93' lang='lat' dir='ltr'>uiri</span> 
     </span>
     <span class='ocr_line' id='line_1_17' title="bbox 53 2047 1215 2131; baseline 0.002 -21"><span class='ocrx_word' id='word_1_134' title='bbox 53 2050 195 2116; x_wconf 89' lang='lat' dir='ltr'>memoria</span> <span class='ocrx_word' id='word_1_135' title='bbox 230 2049 455 2115; x_wconf 77' lang='lat' dir='ltr'>celebrabitur.</span> <span class='ocrx_word' id='word_1_136' title='bbox 493 2051 579 2115; x_wconf 88' lang='lat' dir='ltr'>eninr</span> <span class='ocrx_word' id='word_1_137' title='bbox 610 2069 669 2115; x_wconf 92' lang='lat' dir='ltr'>uos</span> <span class='ocrx_word' id='word_1_138' title='bbox 701 2049 807 2114; x_wconf 89' lang='lat' dir='ltr'>honae</span> <span class='ocrx_word' id='word_1_139' title='bbox 838 2048 923 2131; x_wconf 80' lang='lat' dir='ltr'>frugi</span> <span class='ocrx_word' id='word_1_140' title='bbox 954 2049 1097 2113; x_wconf 87' lang='lat' dir='ltr'>latrones</span> <span class='ocrx_word' id='word_1_141' title='bbox 1130 2047 1215 2113; x_wconf 90' lang='lat' dir='ltr'>inter</span> 
     </span>
     <span class='ocr_line' id='line_1_18' title="bbox 53 2157 1257 2244; baseline 0.002 -24"><span class='ocrx_word' id='word_1_142' title='bbox 53 2157 127 2222; x_wconf 89' lang='lat' dir='ltr'>furta</span> <span class='ocrx_word' id='word_1_143' title='bbox 155 2179 258 2243; x_wconf 88' lang='lat' dir='ltr'>parua</span> <span class='ocrx_word' id='word_1_144' title='bbox 281 2166 376 2244; x_wconf 90' lang='lat' dir='ltr'>atque</span> <span class='ocrx_word' id='word_1_145' title='bbox 404 2161 536 2226; x_wconf 88' lang='lat' dir='ltr'>seruilia</span> <span class='ocrx_word' id='word_1_146' title='bbox 557 2160 702 2226; x_wconf 89' lang='lat' dir='ltr'>timidule</span> <span class='ocrx_word' id='word_1_147' title='bbox 730 2178 789 2242; x_wconf 90' lang='lat' dir='ltr'>per</span> <span class='ocrx_word' id='word_1_148' title='bbox 811 2159 945 2226; x_wconf 89' lang='lat' dir='ltr'>balneas</span> <span class='ocrx_word' id='word_1_149' title='bbox 976 2164 1008 2223; x_wconf 91' lang='lat' dir='ltr'>et</span> <span class='ocrx_word' id='word_1_150' title='bbox 1029 2159 1133 2226; x_wconf 86' lang='lat' dir='ltr'>aniles</span> <span class='ocrx_word' id='word_1_151' title='bbox 1156 2159 1257 2223; x_wconf 55' lang='lat' dir='ltr'>ccl»</span> 
     </span>
     <span class='ocr_line' id='line_1_19' title="bbox 53 2263 674 2356; baseline 0.012 -26"><span class='ocrx_word' id='word_1_152' title='bbox 53 2267 127 2334; x_wconf 89' lang='lat' dir='ltr'>lulas</span> <span class='ocrx_word' id='word_1_153' title='bbox 149 2288 204 2356; x_wconf 92' lang='lat' dir='ltr'>rep</span> <span class='ocrx_word' id='word_1_154' title='bbox 206 2277 312 2336; x_wconf 88' lang='lat' dir='ltr'>atntes</span> <span class='ocrx_word' id='word_1_155' title='bbox 334 2272 523 2338; x_wconf 79' lang='lat' dir='ltr'>scrutariam</span> <span class='ocrx_word' id='word_1_156' title='bbox 545 2263 674 2338; x_wconf 72' lang='lat' dir='ltr'>facitis.³</span> 
     </span>
     <span class='ocr_line' id='line_1_20' title="bbox 129 2372 1329 2467; baseline 0.004 -21"><span class='ocrx_word' id='word_1_157' title='bbox 129 2380 268 2467; x_wconf 83' lang='lat' dir='ltr'>Suscipit</span> <span class='ocrx_word' id='word_1_158' title='bbox 284 2403 367 2447; x_wconf 91' lang='lat' dir='ltr'>unus</span> <span class='ocrx_word' id='word_1_159' title='bbox 390 2401 431 2447; x_wconf 81' lang='lat' dir='ltr'>ex</span> <span class='ocrx_word' id='word_1_160' title='bbox 452 2382 510 2452; x_wconf 88' lang='lat' dir='ltr'>illo</span> <span class='ocrx_word' id='word_1_161' title='bbox 523 2381 700 2467; x_wconf 89' lang='lat' dir='ltr'>posteriore</span> <span class='ocrx_word' id='word_1_162' title='bbox 715 2398 848 2446; x_wconf 89' lang='lat' dir='ltr'>numero</span> <span class='ocrx_word' id='word_1_163' title='bbox 867 2372 957 2446; x_wconf 87' lang='lat' dir='ltr'>‘tune</span> <span class='ocrx_word' id='word_1_164' title='bbox 980 2380 1068 2446; x_wconf 90' lang='lat' dir='ltr'>solus</span> <span class='ocrx_word' id='word_1_165' title='bbox 1085 2381 1218 2465; x_wconf 81' lang='lat' dir='ltr'>ignoras</span> <span class='ocrx_word' id='word_1_166' title='bbox 1240 2386 1329 2451; x_wconf 91' lang='lat' dir='ltr'>Vllll</span> 
     </span>
     <span class='ocr_line' id='line_1_21' title="bbox 19 2488 1215 2578; baseline 0.006 -28"><span class='ocrx_word' id='word_1_167' title='bbox 19 2488 139 2574; x_wconf 73' lang='lat' dir='ltr'>telunga</span> <span class='ocrx_word' id='word_1_168' title='bbox 160 2492 320 2559; x_wconf 78' lang='lat' dir='ltr'>faciliores</span> <span class='ocrx_word' id='word_1_169' title='bbox 343 2493 386 2558; x_wconf 89' lang='lat' dir='ltr'>ad</span> <span class='ocrx_word' id='word_1_170' title='bbox 408 2492 658 2578; x_wconf 83' lang='lat' dir='ltr'>expugnandum</span> <span class='ocrx_word' id='word_1_171' title='bbox 680 2492 794 2559; x_wconf 90' lang='lat' dir='ltr'>domus</span> <span class='ocrx_word' id='word_1_172' title='bbox 816 2511 888 2557; x_wconf 91' lang='lat' dir='ltr'>esse</span> <span class='ocrx_word' id='word_1_173' title='bbox 910 2492 1071 2559; x_wconf 79' lang='lat' dir='ltr'>maiores?</span> <span class='ocrx_word' id='word_1_174' title='bbox 1095 2492 1215 2577; x_wconf 86' lang='lat' dir='ltr'>quippe</span> 
     </span>
     <span class='ocr_line' id='line_1_22' title="bbox 56 2597 1216 2691; baseline 0.003 -28"><span class='ocrx_word' id='word_1_175' title='bbox 56 2601 130 2681; x_wconf 92' lang='lat' dir='ltr'>quod</span> <span class='ocrx_word' id='word_1_176' title='bbox 157 2602 231 2668; x_wconf 89' lang='lat' dir='ltr'>licet</span> <span class='ocrx_word' id='word_1_177' title='bbox 258 2624 431 2691; x_wconf 81' lang='lat' dir='ltr'>numerosa</span> <span class='ocrx_word' id='word_1_178' title='bbox 460 2603 583 2669; x_wconf 87' lang='lat' dir='ltr'>familia</span> <span class='ocrx_word' id='word_1_179' title='bbox 610 2605 685 2669; x_wconf 91' lang='lat' dir='ltr'>latis</span> <span class='ocrx_word' id='word_1_180' title='bbox 714 2597 901 2669; x_wconf 76' lang='lat' dir='ltr'>deuersatur</span> <span class='ocrx_word' id='word_1_181' title='bbox 925 2601 1078 2679; x_wconf 87' lang='lat' dir='ltr'>aedibus,</span> <span class='ocrx_word' id='word_1_182' title='bbox 1106 2609 1216 2667; x_wconf 90' lang='lat' dir='ltr'>tamen</span> 
     </span>
     <span class='ocr_line' id='line_1_23' title="bbox 57 2712 1217 2798; baseline 0.002 -24"><span class='ocrx_word' id='word_1_183' title='bbox 57 2712 179 2795; x_wconf 91' lang='lat' dir='ltr'>quisque</span> <span class='ocrx_word' id='word_1_184' title='bbox 200 2716 306 2798; x_wconf 79' lang='lat' dir='ltr'>magis</span> <span class='ocrx_word' id='word_1_185' title='bbox 329 2735 407 2781; x_wconf 88' lang='lat' dir='ltr'>suae</span> <span class='ocrx_word' id='word_1_186' title='bbox 430 2715 526 2783; x_wconf 87' lang='lat' dir='ltr'>saluti</span> <span class='ocrx_word' id='word_1_187' title='bbox 545 2735 640 2798; x_wconf 88' lang='lat' dir='ltr'>quam</span> <span class='ocrx_word' id='word_1_188' title='bbox 664 2713 786 2778; x_wconf 92' lang='lat' dir='ltr'>domini</span> <span class='ocrx_word' id='word_1_189' title='bbox 809 2715 954 2779; x_wconf 90' lang='lat' dir='ltr'>consulat</span> <span class='ocrx_word' id='word_1_190' title='bbox 969 2712 1094 2798; x_wconf 87' lang='lat' dir='ltr'>opibus.</span> <span class='ocrx_word' id='word_1_191' title='bbox 1132 2713 1217 2797; x_wconf 82' lang='lat' dir='ltr'>frugi</span> 
     </span>
     <span class='ocr_line' id='line_1_24' title="bbox 59 2824 1215 2907; baseline 0.006 -25"><span class='ocrx_word' id='word_1_192' title='bbox 59 2828 154 2887; x_wconf 88' lang='lat' dir='ltr'>autem</span> <span class='ocrx_word' id='word_1_193' title='bbox 181 2831 213 2890; x_wconf 91' lang='lat' dir='ltr'>et</span> <span class='ocrx_word' id='word_1_194' title='bbox 243 2826 379 2891; x_wconf 88' lang='lat' dir='ltr'>solitarii</span> <span class='ocrx_word' id='word_1_195' title='bbox 408 2826 555 2891; x_wconf 88' lang='lat' dir='ltr'>homines</span> <span class='ocrx_word' id='word_1_196' title='bbox 584 2825 744 2889; x_wconf 88' lang='lat' dir='ltr'>fortunam</span> <span class='ocrx_word' id='word_1_197' title='bbox 773 2842 910 2907; x_wconf 89' lang='lat' dir='ltr'>paruam</span> <span class='ocrx_word' id='word_1_198' title='bbox 941 2825 994 2889; x_wconf 92' lang='lat' dir='ltr'>uel</span> <span class='ocrx_word' id='word_1_199' title='bbox 1023 2830 1108 2888; x_wconf 85' lang='lat' dir='ltr'>certe</span> <span class='ocrx_word' id='word_1_200' title='bbox 1135 2824 1215 2889; x_wconf 89' lang='lat' dir='ltr'>satis</span> 
     </span>
     <span class='ocr_line' id='line_1_25' title="bbox 58 2934 1216 3020; baseline 0.006 -27"><span class='ocrx_word' id='word_1_201' title='bbox 58 2934 186 3016; x_wconf 89' lang='lat' dir='ltr'>amplam</span> <span class='ocrx_word' id='word_1_202' title='bbox 209 2934 451 3002; x_wconf 88' lang='lat' dir='ltr'>dissimulanter</span> <span class='ocrx_word' id='word_1_203' title='bbox 479 2935 638 3003; x_wconf 90' lang='lat' dir='ltr'>obtectam</span> <span class='ocrx_word' id='word_1_204' title='bbox 665 2942 838 3020; x_wconf 86' lang='lat' dir='ltr'>protegunt</span> <span class='ocrx_word' id='word_1_205' title='bbox 865 2936 971 3001; x_wconf 85' lang='lat' dir='ltr'>acrius</span> <span class='ocrx_word' id='word_1_206' title='bbox 993 2942 1024 3000; x_wconf 87' lang='lat' dir='ltr'>et</span> <span class='ocrx_word' id='word_1_207' title='bbox 1046 2934 1216 3017; x_wconf 77' lang='lat' dir='ltr'>sanguinis</span> 
     </span>
     <span class='ocr_line' id='line_1_26' title="bbox 20 3042 1216 3129; baseline 0.004 -25"><span class='ocrx_word' id='word_1_208' title='bbox 20 3042 41 3093; x_wconf 71' lang='lat'>2⁵</span> <span class='ocrx_word' id='word_1_209' title='bbox 58 3042 100 3105; x_wconf 89' lang='lat' dir='ltr'>sui</span> <span class='ocrx_word' id='word_1_210' title='bbox 126 3045 265 3129; x_wconf 89' lang='lat' dir='ltr'>periculo</span> <span class='ocrx_word' id='word_1_211' title='bbox 295 3047 450 3111; x_wconf 89' lang='lat' dir='ltr'>muniunt.</span> <span class='ocrx_word' id='word_1_212' title='bbox 489 3066 540 3112; x_wconf 89' lang='lat' dir='ltr'>res</span> <span class='ocrx_word' id='word_1_213' title='bbox 569 3045 643 3129; x_wconf 89' lang='lat' dir='ltr'>ipsa</span> <span class='ocrx_word' id='word_1_214' title='bbox 672 3046 810 3127; x_wconf 85' lang='lat' dir='ltr'>denique</span> <span class='ocrx_word' id='word_1_215' title='bbox 841 3045 936 3111; x_wconf 87' lang='lat' dir='ltr'>fidem</span> <span class='ocrx_word' id='word_1_216' title='bbox 970 3046 1111 3111; x_wconf 86' lang='lat' dir='ltr'>sermoni</span> <span class='ocrx_word' id='word_1_217' title='bbox 1144 3063 1216 3115; x_wconf 85' lang='lat' dir='ltr'>meo</span> 
     </span>
     <span class='ocr_line' id='line_1_27' title="bbox 57 3148 1217 3242; baseline 0.006 -29"><span class='ocrx_word' id='word_1_218' title='bbox 57 3148 145 3219; x_wconf 91' lang='lat' dir='ltr'>dabit.</span> <span class='ocrx_word' id='word_1_219' title='bbox 181 3157 238 3221; x_wconf 86' lang='lat' dir='ltr'>uix</span> <span class='ocrx_word' id='word_1_220' title='bbox 259 3158 344 3223; x_wconf 89' lang='lat' dir='ltr'>enim</span> <span class='ocrx_word' id='word_1_221' title='bbox 367 3157 498 3223; x_wconf 84' lang='lat' dir='ltr'>Thebas</span> <span class='ocrx_word' id='word_1_222' title='bbox 520 3157 713 3242; x_wconf 88' lang='lat' dir='ltr'>heptapylos</span> <span class='ocrx_word' id='word_1_223' title='bbox 736 3157 942 3233; x_wconf 88' lang='lat' dir='ltr'>accessimus,</span> <span class='ocrx_word' id='word_1_224' title='bbox 965 3155 1050 3240; x_wconf 90' lang='lat' dir='ltr'>quod</span> <span class='ocrx_word' id='word_1_225' title='bbox 1072 3162 1121 3221; x_wconf 89' lang='lat' dir='ltr'>est</span> <span class='ocrx_word' id='word_1_226' title='bbox 1141 3155 1217 3221; x_wconf 89' lang='lat' dir='ltr'>hnic</span> 
     </span>
    </p>
   </div>
   <div class='ocr_carea' id='block_1_3' title="bbox 62 3324 349 3335">
    <p class='ocr_par' dir='ltr' id='par_1_3' title="bbox 62 3324 349 3335">
     <span class='ocr_line' id='line_1_28' title="bbox 62 3324 349 3335; baseline 0.007 -2"><span class='ocrx_word' id='word_1_227' title='bbox 62 3324 349 3335; x_wconf 39' lang='lat' dir='ltr'>Q—--ffl-..mffl</span> 
     </span>
    </p>
   </div>
   <div class='ocr_carea' id='block_1_4' title="bbox 57 3424 1219 4431">
    <p class='ocr_par' dir='ltr' id='par_1_4' title="bbox 57 3424 1219 4431">
     <span class='ocr_line' id='line_1_29' title="bbox 117 3424 1219 3494; baseline 0.002 -17"><span class='ocrx_word' id='word_1_228' title='bbox 117 3429 128 3477; x_wconf 91' lang='grc'>1</span> <span class='ocrx_word' id='word_1_229' title='bbox 146 3426 182 3480; x_wconf 89' lang='lat' dir='ltr'>hu</span> <span class='ocrx_word' id='word_1_230' title='bbox 200 3428 229 3482; x_wconf 98' lang='lat' dir='ltr'><em>F</em></span> <span class='ocrx_word' id='word_1_231' title='bbox 310 3432 325 3481; x_wconf 83' lang='lat'>3</span> <span class='ocrx_word' id='word_1_232' title='bbox 341 3427 442 3481; x_wconf 77' lang='lat' dir='ltr'>rnedrte</span> <span class='ocrx_word' id='word_1_233' title='bbox 467 3426 604 3481; x_wconf 75' lang='lat' dir='ltr'>inductam</span> <span class='ocrx_word' id='word_1_234' title='bbox 629 3425 657 3478; x_wconf 78' lang='lat' dir='ltr'>in</span> <span class='ocrx_word' id='word_1_235' title='bbox 675 3426 702 3479; x_wconf 90' lang='lat' dir='ltr'><em>F</em></span> <span class='ocrx_word' id='word_1_236' title='bbox 716 3426 800 3491; x_wconf 80' lang='lat' dir='ltr'>(eftur</span> <span class='ocrx_word' id='word_1_237' title='bbox 816 3442 848 3480; x_wconf 89' lang='lat' dir='ltr'>ac</span> <span class='ocrx_word' id='word_1_238' title='bbox 873 3432 956 3494; x_wconf 62' lang='lat' dir='ltr'>potat</span> <span class='ocrx_word' id='word_1_239' title='bbox 978 3424 1078 3479; x_wconf 81' lang='lat' dir='ltr'>leodrte</span> <span class='ocrx_word' id='word_1_240' title='bbox 1101 3425 1219 3494; x_wconf 79' lang='lat' dir='ltr'>pulmrrt&#39;</span> 
     </span>
     <span class='ocr_line' id='line_1_30' title="bbox 58 3514 1216 3593; baseline 0.002 -23"><span class='ocrx_word' id='word_1_241' title='bbox 58 3514 111 3572; x_wconf 81' lang='lat' dir='ltr'>cdd.</span> <span class='ocrx_word' id='word_1_242' title='bbox 128 3521 290 3593; x_wconf 58' lang='lat' dir='ltr'>ismarus)</span> <span class='ocrx_word' id='word_1_243' title='bbox 359 3528 375 3575; x_wconf 82' lang='grc'>4</span> <span class='ocrx_word' id='word_1_244' title='bbox 393 3522 525 3575; x_wconf 85' lang='lat' dir='ltr'>centrlant</span> <span class='ocrx_word' id='word_1_245' title='bbox 533 3520 577 3588; x_wconf 71' lang='lat' dir='ltr'>Fp</span> <span class='ocrx_word' id='word_1_246' title='bbox 647 3526 661 3573; x_wconf 82' lang='lat'>5</span> <span class='ocrx_word' id='word_1_247' title='bbox 680 3518 884 3573; x_wconf 90' lang='lat' dir='ltr'>debacchantur</span> <span class='ocrx_word' id='word_1_248' title='bbox 893 3518 1087 3588; x_wconf 83' lang='lat' dir='ltr'>Centaurisque</span> <span class='ocrx_word' id='word_1_249' title='bbox 1103 3523 1203 3591; x_wconf 71' lang='lat' dir='ltr'>scrrpci</span> <span class='ocrx_word' id='word_1_250' title='bbox 1207 3542 1216 3572; x_wconf 89' lang='lat'><em>:</em></span> 
     </span>
     <span class='ocr_line' id='line_1_31' title="bbox 57 3610 1215 3684; baseline 0.004 -22"><span class='ocrx_word' id='word_1_251' title='bbox 57 3610 163 3681; x_wconf 79' lang='lat' dir='ltr'>tebanrh3</span> <span class='ocrx_word' id='word_1_252' title='bbox 181 3616 217 3675; x_wconf 78' lang='lat' dir='ltr'>tsi</span> <span class='ocrx_word' id='word_1_253' title='bbox 233 3613 415 3684; x_wconf 79' lang='lat' dir='ltr'>litteros&#39;fere</span> <span class='ocrx_word' id='word_1_254' title='bbox 432 3614 566 3669; x_wconf 78' lang='lat' dir='ltr'>eaorridas</span> <span class='ocrx_word' id='word_1_255' title='bbox 582 3618 654 3667; x_wconf 81' lang='lat' dir='ltr'>recte</span> <span class='ocrx_word' id='word_1_256' title='bbox 672 3614 854 3683; x_wconf 77' lang='lat' dir='ltr'>tuterpretor;</span> <span class='ocrx_word' id='word_1_257' title='bbox 876 3612 969 3665; x_wconf 87' lang='lat' dir='ltr'>tebanr</span> <span class='ocrx_word' id='word_1_258' title='bbox 987 3619 1062 3667; x_wconf 84' lang='lat' dir='ltr'>certa</span> <span class='ocrx_word' id='word_1_259' title='bbox 1079 3614 1215 3680; x_wconf 78' lang='lat' dir='ltr'>uidentur)</span> 
     </span>
     <span class='ocr_line' id='line_1_32' title="bbox 60 3704 1217 3778; baseline 0 -17"><span class='ocrx_word' id='word_1_260' title='bbox 60 3712 235 3778; x_wconf 80' lang='lat' dir='ltr'>···taunfq:</span> <span class='ocrx_word' id='word_1_261' title='bbox 254 3709 285 3773; x_wconf 85' lang='lat' dir='ltr'>F,</span> <span class='ocrx_word' id='word_1_262' title='bbox 303 3709 430 3778; x_wconf 81' lang='lat' dir='ltr'>tebamrh3</span> <span class='ocrx_word' id='word_1_263' title='bbox 450 3704 607 3775; x_wconf 83' lang='lat' dir='ltr'>centaurrfq’</span> <span class='ocrx_word' id='word_1_264' title='bbox 627 3727 655 3775; x_wconf 77' lang='grc' dir='ltr'>φ,</span> <span class='ocrx_word' id='word_1_265' title='bbox 674 3715 701 3761; x_wconf 91' lang='lat' dir='ltr'>et</span> <span class='ocrx_word' id='word_1_266' title='bbox 718 3705 862 3760; x_wconf 90' lang='lat' dir='ltr'>bibonibus</span> <span class='ocrx_word' id='word_1_267' title='bbox 871 3704 1011 3758; x_wconf 85' lang='lat' dir='ltr'>Centauris</span> <span class='ocrx_word' id='word_1_268' title='bbox 1029 3707 1217 3761; x_wconf 61' lang='grc' dir='ltr'>6011113111Ηί1-</span> 
     </span>
     <span class='ocr_line' id='line_1_33' title="bbox 60 3795 1217 3867; baseline 0.002 -16"><span class='ocrx_word' id='word_1_269' title='bbox 60 3795 218 3867; x_wconf 77' lang='lat' dir='ltr'>drbraodr&#39;us,</span> <span class='ocrx_word' id='word_1_270' title='bbox 238 3808 265 3856; x_wconf 89' lang='lat' dir='ltr'>et</span> <span class='ocrx_word' id='word_1_271' title='bbox 282 3802 433 3857; x_wconf 87' lang='lat' dir='ltr'>Thracibus</span> <span class='ocrx_word' id='word_1_272' title='bbox 445 3804 473 3854; x_wconf 79' lang='lat' dir='ltr'>U.</span> <span class='ocrx_word' id='word_1_273' title='bbox 489 3800 604 3864; x_wconf 78' lang='lat' dir='ltr'>Celerius,</span> <span class='ocrx_word' id='word_1_274' title='bbox 624 3807 650 3854; x_wconf 84' lang='lat' dir='ltr'>et¹</span> <span class='ocrx_word' id='word_1_275' title='bbox 668 3797 841 3854; x_wconf 84' lang='lat' dir='ltr'>ThebanisC.</span> <span class='ocrx_word' id='word_1_276' title='bbox 852 3797 984 3862; x_wconf 80' lang='lat' dir='ltr'>Horfdas,</span> <span class='ocrx_word' id='word_1_277' title='bbox 998 3798 1121 3867; x_wconf 86' lang='lat' dir='ltr'>Lapithis</span> <span class='ocrx_word' id='word_1_278' title='bbox 1140 3800 1217 3853; x_wconf 89' lang='lat' dir='ltr'>Tita-</span> 
     </span>
     <span class='ocr_line' id='line_1_34' title="bbox 63 3889 1216 3964; baseline 0.006 -24"><span class='ocrx_word' id='word_1_279' title='bbox 63 3889 131 3946; x_wconf 86' lang='lat' dir='ltr'>nibus</span> <span class='ocrx_word' id='word_1_280' title='bbox 148 3892 340 3964; x_wconf 83' lang='lat' dir='ltr'>Centaurisque</span> <span class='ocrx_word' id='word_1_281' title='bbox 359 3897 413 3955; x_wconf 81' lang='lat' dir='ltr'>tael</span> <span class='ocrx_word' id='word_1_282' title='bbox 428 3895 579 3959; x_wconf 86' lang='lat' dir='ltr'>infamibus,</span> <span class='ocrx_word' id='word_1_283' title='bbox 603 3894 763 3956; x_wconf 89' lang='lat' dir='ltr'>inmanibus,</span> <span class='ocrx_word' id='word_1_284' title='bbox 782 3891 964 3954; x_wconf 87' lang='lat' dir='ltr'>Telchinibus‚</span> <span class='ocrx_word' id='word_1_285' title='bbox 982 3890 1216 3962; x_wconf 76' lang='lat' dir='ltr'>Laestrygonibus,</span> 
     </span>
     <span class='ocr_line' id='line_1_35' title="bbox 60 3978 1218 4059; baseline 0.004 -25"><span class='ocrx_word' id='word_1_286' title='bbox 60 3978 192 4053; x_wconf 87' lang='lat' dir='ltr'>Leontinis,</span> <span class='ocrx_word' id='word_1_287' title='bbox 217 3989 370 4055; x_wconf 86' lang='lat' dir='ltr'>enantibus)</span> <span class='ocrx_word' id='word_1_288' title='bbox 392 3988 601 4059; x_wconf 78' lang='lat' dir='ltr'>Ouclcndorpius</span> <span class='ocrx_word' id='word_1_289' title='bbox 687 3987 791 4039; x_wconf 65' lang='lat' dir='ltr'>{linter</span> <span class='ocrx_word' id='word_1_290' title='bbox 815 3992 866 4040; x_wconf 81' lang='lat' dir='ltr'>n&#39;ra</span> <span class='ocrx_word' id='word_1_291' title='bbox 882 3992 908 4040; x_wconf 80' lang='lat' dir='ltr'>et</span> <span class='ocrx_word' id='word_1_292' title='bbox 930 3989 1032 4039; x_wconf 81' lang='lat' dir='ltr'>uirtute</span> <span class='ocrx_word' id='word_1_293' title='bbox 1060 4002 1094 4039; x_wconf 83' lang='lat' dir='ltr'>nc</span> <span class='ocrx_word' id='word_1_294' title='bbox 1118 3985 1218 4039; x_wconf 77' lang='lat' dir='ltr'>lineola</span> 
     </span>
     <span class='ocr_line' id='line_1_36' title="bbox 61 4076 1216 4170; baseline -0.009 -29"><span class='ocrx_word' id='word_1_295' title='bbox 61 4076 154 4140; x_wconf 77' lang='lat' dir='ltr'>laidem</span> <span class='ocrx_word' id='word_1_296' title='bbox 171 4090 312 4170; x_wconf 80' lang='lat' dir='ltr'>comparet</span> <span class='ocrx_word' id='word_1_297' title='bbox 334 4083 362 4135; x_wconf 76' lang='lat' dir='ltr'>to</span> <span class='ocrx_word' id='word_1_298' title='bbox 380 4083 424 4152; x_wconf 73' lang='lat' dir='ltr'>Fp</span> <span class='ocrx_word' id='word_1_299' title='bbox 496 4086 526 4135; x_wconf 86' lang='grc'>10</span> <span class='ocrx_word' id='word_1_300' title='bbox 544 4081 579 4135; x_wconf 87' lang='lat' dir='ltr'>ad</span> <span class='ocrx_word' id='word_1_301' title='bbox 595 4082 663 4135; x_wconf 90' lang='lat' dir='ltr'>Ft</span> <span class='ocrx_word' id='word_1_302' title='bbox 636 4086 663 4136; x_wconf 83' lang='lat' dir='ltr'>et</span> <span class='ocrx_word' id='word_1_303' title='bbox 681 4084 760 4147; x_wconf 76' lang='lat' dir='ltr'>(corr</span> <span class='ocrx_word' id='word_1_304' title='bbox 779 4096 817 4134; x_wconf 82' lang='lat' dir='ltr'>ex</span> <span class='ocrx_word' id='word_1_305' title='bbox 833 4084 916 4150; x_wconf 69' lang='lat' dir='ltr'>arlo</span> <span class='ocrx_word' id='word_1_306' title='bbox 987 4083 1018 4132; x_wconf 79' lang='grc'>12</span> <span class='ocrx_word' id='word_1_307' title='bbox 1036 4078 1153 4133; x_wconf 87' lang='lat' dir='ltr'>lamatho</span> <span class='ocrx_word' id='word_1_308' title='bbox 1172 4078 1216 4147; x_wconf 76' lang='lat' dir='ltr'>Fp</span> 
     </span>
     <span class='ocr_line' id='line_1_37' title="bbox 62 4169 1218 4244; baseline 0.002 -21"><span class='ocrx_word' id='word_1_309' title='bbox 62 4169 87 4219; x_wconf 82' lang='grc'>14</span> <span class='ocrx_word' id='word_1_310' title='bbox 101 4178 158 4227; x_wconf 81' lang='lat' dir='ltr'>ante</span> <span class='ocrx_word' id='word_1_311' title='bbox 174 4181 249 4230; x_wconf 85' lang='lat' dir='ltr'>natet</span> <span class='ocrx_word' id='word_1_312' title='bbox 238 4176 319 4230; x_wconf 86' lang='lat' dir='ltr'>tulerr</span> <span class='ocrx_word' id='word_1_313' title='bbox 336 4176 452 4231; x_wconf 81' lang='lat' dir='ltr'>deletum</span> <span class='ocrx_word' id='word_1_314' title='bbox 476 4180 538 4229; x_wconf 89' lang='lat' dir='ltr'>ante</span> <span class='ocrx_word' id='word_1_315' title='bbox 561 4175 589 4227; x_wconf 77' lang='lat' dir='ltr'>fc</span> <span class='ocrx_word' id='word_1_316' title='bbox 607 4175 635 4228; x_wconf 88' lang='lat' dir='ltr'><em>F</em></span> <span class='ocrx_word' id='word_1_317' title='bbox 649 4173 728 4237; x_wconf 75' lang='lat' dir='ltr'>(nihil</span> <span class='ocrx_word' id='word_1_318' title='bbox 744 4174 827 4228; x_wconf 84' lang='lat' dir='ltr'>talc</span> <span class='ocrx_word' id='word_1_319' title='bbox 815 4191 843 4228; x_wconf 81' lang='lat' dir='ltr'>ro</span> <span class='ocrx_word' id='word_1_320' title='bbox 861 4194 880 4243; x_wconf 77' lang='lat' dir='ltr'>p</span> <span class='ocrx_word' id='word_1_321' title='bbox 898 4177 1046 4244; x_wconf 81' lang='lat' dir='ltr'>comparet)</span> <span class='ocrx_word' id='word_1_322' title='bbox 1117 4175 1147 4225; x_wconf 89' lang='grc'>15</span> <span class='ocrx_word' id='word_1_323' title='bbox 1166 4172 1218 4241; x_wconf 77' lang='lat' dir='ltr'>plr-</span> 
     </span>
     <span class='ocr_line' id='line_1_38' title="bbox 60 4257 1218 4341; baseline -0.007 -15"><span class='ocrx_word' id='word_1_324' title='bbox 60 4257 142 4318; x_wconf 64' lang='lat' dir='ltr'>⁰liF</span> <span class='ocrx_word' id='word_1_325' title='bbox 228 4275 258 4325; x_wconf 84' lang='lat'>16</span> <span class='ocrx_word' id='word_1_326' title='bbox 276 4270 362 4341; x_wconf 77' lang='lat' dir='ltr'>uoff</span> <span class='ocrx_word' id='word_1_327' title='bbox 374 4289 408 4337; x_wconf 78' lang='grc' dir='ltr'>φ·</span> <span class='ocrx_word' id='word_1_328' title='bbox 427 4269 476 4323; x_wconf 87' lang='lat' dir='ltr'>hol</span> <span class='ocrx_word' id='word_1_329' title='bbox 492 4268 519 4321; x_wconf 96' lang='lat' dir='ltr'><em>F</em></span> <span class='ocrx_word' id='word_1_330' title='bbox 606 4268 738 4322; x_wconf 70' lang='lat' dir='ltr'>rathehe</span> <span class='ocrx_word' id='word_1_331' title='bbox 757 4266 901 4335; x_wconf 81' lang='lat' dir='ltr'>septaprlof</span> <span class='ocrx_word' id='word_1_332' title='bbox 921 4262 1218 4329; x_wconf 78' lang='lat' dir='ltr'>(manassecanda&#39;m</span> 
     </span>
     <span class='ocr_line' id='line_1_39' title="bbox 61 4358 492 4431; baseline 0.012 -19"><span class='ocrx_word' id='word_1_333' title='bbox 61 4358 161 4427; x_wconf 66' lang='lat' dir='ltr'>viroque</span> <span class='ocrx_word' id='word_1_334' title='bbox 177 4367 278 4421; x_wconf 70' lang='lat' dir='ltr'>reculas</span> <span class='ocrx_word' id='word_1_335' title='bbox 294 4365 430 4428; x_wconf 75' lang='lat' dir='ltr'>distinxit)</span> <span class='ocrx_word' id='word_1_336' title='bbox 449 4363 492 4431; x_wconf 76' lang='lat' dir='ltr'><em>qu</em></span> 
     </span>
    </p>
   </div>
   <div class='ocr_carea' id='block_1_5' title="bbox 0 0 1490 4900">
    <p class='ocr_par' dir='ltr' id='par_1_5' title="bbox 0 0 1490 4900">
     <span class='ocr_line' id='line_1_40' title="bbox 0 0 1490 4900; baseline 0 0"><span class='ocrx_word' id='word_1_337' title='bbox 0 0 1490 4900; x_wconf 95' lang='lat' dir='ltr'> </span> 
     </span>
    </p>
   </div>
  </div>
 </body>
</html>
