<?xml version="1.0" encoding="UTF-8"?>
<!DOCTYPE html PUBLIC "-//W3C//DTD XHTML 1.0 Transitional//EN"
    "http://www.w3.org/TR/xhtml1/DTD/xhtml1-transitional.dtd">
<html xmlns="http://www.w3.org/1999/xhtml" xml:lang="en" lang="en">
 <head>
  <title>
</title>
<meta http-equiv="Content-Type" content="text/html;charset=utf-8" />
  <meta name='ocr-system' content='tesseract 3.04.00' />
  <meta name='ocr-capabilities' content='ocr_page ocr_carea ocr_par ocr_line ocrx_word'/>
</head>
<body>
  <div class='ocr_page' id='page_1' title='image "./metamorphoseonl00eyssgoog/metamorphoseonl00eyssgoog_0053.png"; bbox 0 0 2934 4900; ppageno 0'>
   <div class='ocr_carea' id='block_1_1' title="bbox 562 193 1233 288">
    <p class='ocr_par' dir='ltr' id='par_1_1' title="bbox 562 193 1233 288">
     <span class='ocr_line' id='line_1_1' title="bbox 562 193 1233 288; baseline 0.001 -11"><span class='ocrx_word' id='word_1_1' title='bbox 562 216 634 278; x_wconf 72' lang='lat' dir='ltr'>dur.</span> <span class='ocrx_word' id='word_1_2' title='bbox 658 229 750 276; x_wconf 87' lang='lat' dir='ltr'>11-v</span> <span class='ocrx_word' id='word_1_3' title='bbox 784 243 802 288; x_wconf 62' lang='lat'><em>3</em></span> <span class='ocrx_word' id='word_1_4' title='bbox 1137 193 1143 216; x_wconf 72' lang='lat'><strong><em>¹</em></strong></span> <span class='ocrx_word' id='word_1_5' title='bbox 1199 220 1233 278; x_wconf 88' lang='grc'>41</span> 
     </span>
    </p>
   </div>
   <div class='ocr_carea' id='block_1_2' title="bbox 15 379 1326 4006">
    <p class='ocr_par' dir='ltr' id='par_1_2' title="bbox 15 379 1268 1666">
     <span class='ocr_line' id='line_1_2' title="bbox 68 379 1241 472; baseline 0.003 -27"><span class='ocrx_word' id='word_1_6' title='bbox 68 379 179 445; x_wconf 88' lang='lat' dir='ltr'>stricto</span> <span class='ocrx_word' id='word_1_7' title='bbox 200 380 323 464; x_wconf 88' lang='lat' dir='ltr'>passim</span> <span class='ocrx_word' id='word_1_8' title='bbox 346 379 500 448; x_wconf 87' lang='lat' dir='ltr'>caedibus</span> <span class='ocrx_word' id='word_1_9' title='bbox 523 388 709 472; x_wconf 77' lang='lat' dir='ltr'>operantem</span> <span class='ocrx_word' id='word_1_10' title='bbox 724 381 853 466; x_wconf 88' lang='lat' dir='ltr'>iamque</span> <span class='ocrx_word' id='word_1_11' title='bbox 875 382 932 447; x_wconf 87' lang='lat' dir='ltr'>tris</span> <span class='ocrx_word' id='word_1_12' title='bbox 954 403 1087 449; x_wconf 91' lang='lat' dir='ltr'>numero</span> <span class='ocrx_word' id='word_1_13' title='bbox 1102 383 1241 450; x_wconf 88' lang='lat' dir='ltr'>saeuitia</span> 
     </span>
     <span class='ocr_line' id='line_1_3' title="bbox 68 490 1240 578; baseline 0.006 -24"><span class='ocrx_word' id='word_1_14' title='bbox 68 490 139 556; x_wconf 87' lang='lat' dir='ltr'>eius</span> <span class='ocrx_word' id='word_1_15' title='bbox 161 490 371 575; x_wconf 89' lang='lat' dir='ltr'>interemptos</span> <span class='ocrx_word' id='word_1_16' title='bbox 393 498 468 558; x_wconf 89' lang='lat' dir='ltr'>ante</span> <span class='ocrx_word' id='word_1_17' title='bbox 490 491 591 574; x_wconf 84' lang='lat' dir='ltr'>pedes</span> <span class='ocrx_word' id='word_1_18' title='bbox 613 492 716 576; x_wconf 90' lang='lat' dir='ltr'>ipsius</span> <span class='ocrx_word' id='word_1_19' title='bbox 744 493 905 576; x_wconf 76' lang='lat' dir='ltr'>spirantes</span> <span class='ocrx_word' id='word_1_20' title='bbox 926 492 1032 558; x_wconf 88' lang='lat' dir='ltr'>adhuc</span> <span class='ocrx_word' id='word_1_21' title='bbox 1053 494 1240 578; x_wconf 77' lang='lat' dir='ltr'>corporibus</span> 
     </span>
     <span class='ocr_line' id='line_1_4' title="bbox 69 602 1241 687; baseline 0.005 -23"><span class='ocrx_word' id='word_1_22' title='bbox 69 602 101 664; x_wconf 91' lang='lat' dir='ltr'>in</span> <span class='ocrx_word' id='word_1_23' title='bbox 137 603 237 666; x_wconf 91' lang='lat' dir='ltr'>multo</span> <span class='ocrx_word' id='word_1_24' title='bbox 270 603 428 686; x_wconf 84' lang='lat' dir='ltr'>sanguine</span> <span class='ocrx_word' id='word_1_25' title='bbox 461 603 669 687; x_wconf 76' lang='lat' dir='ltr'>palpitantes,</span> <span class='ocrx_word' id='word_1_26' title='bbox 713 608 745 668; x_wconf 89' lang='lat' dir='ltr'>et</span> <span class='ocrx_word' id='word_1_27' title='bbox 776 603 851 686; x_wconf 91' lang='lat' dir='ltr'>ipse.</span> <span class='ocrx_word' id='word_1_28' title='bbox 880 603 1010 686; x_wconf 89' lang='lat' dir='ltr'>quidem</span> <span class='ocrx_word' id='word_1_29' title='bbox 1044 606 1241 671; x_wconf 89' lang='lat' dir='ltr'>conscientia</span> 
     </span>
     <span class='ocr_line' id='line_1_5' title="bbox 68 690 1240 798; baseline 0.006 -24"><span class='ocrx_word' id='word_1_30' title='bbox 68 713 152 776; x_wconf 88' lang='lat' dir='ltr'>tanti</span> <span class='ocrx_word' id='word_1_31' title='bbox 193 690 333 780; x_wconf 81' lang='lat' dir='ltr'>semoris</span> <span class='ocrx_word' id='word_1_32' title='bbox 361 710 474 778; x_wconf 86' lang='lat' dir='ltr'>merito</span> <span class='ocrx_word' id='word_1_33' title='bbox 502 720 665 797; x_wconf 88' lang='lat' dir='ltr'>permotos</span> <span class='ocrx_word' id='word_1_34' title='bbox 695 714 803 779; x_wconf 91' lang='lat' dir='ltr'>statim</span> <span class='ocrx_word' id='word_1_35' title='bbox 832 715 974 798; x_wconf 82' lang='lat' dir='ltr'>profugit</span> <span class='ocrx_word' id='word_1_36' title='bbox 1003 721 1034 780; x_wconf 87' lang='lat' dir='ltr'>et</span> <span class='ocrx_word' id='word_1_37' title='bbox 1055 715 1090 780; x_wconf 92' lang='lat' dir='ltr'>in</span> <span class='ocrx_word' id='word_1_38' title='bbox 1112 715 1240 781; x_wconf 91' lang='lat' dir='ltr'>domum</span> 
     </span>
     <span class='ocr_line' id='line_1_6' title="bbox 39 821 1241 910; baseline 0.009 -30"><span class='ocrx_word' id='word_1_39' title='bbox 39 835 51 880; x_wconf 77' lang='lat' dir='ltr'>s</span> <span class='ocrx_word' id='word_1_40' title='bbox 69 821 233 902; x_wconf 89' lang='lat' dir='ltr'>quandam</span> <span class='ocrx_word' id='word_1_41' title='bbox 255 823 419 908; x_wconf 90' lang='lat' dir='ltr'>praesidio</span> <span class='ocrx_word' id='word_1_42' title='bbox 442 825 645 891; x_wconf 86' lang='lat' dir='ltr'>tenebrarum</span> <span class='ocrx_word' id='word_1_43' title='bbox 669 826 801 908; x_wconf 87' lang='lat' dir='ltr'>elapsus</span> <span class='ocrx_word' id='word_1_44' title='bbox 830 831 995 910; x_wconf 84' lang='lat' dir='ltr'>perpetem</span> <span class='ocrx_word' id='word_1_45' title='bbox 1016 833 1141 890; x_wconf 90' lang='lat' dir='ltr'>noctem</span> <span class='ocrx_word' id='word_1_46' title='bbox 1163 824 1241 891; x_wconf 91' lang='lat' dir='ltr'>deli-</span> 
     </span>
     <span class='ocr_line' id='line_1_7' title="bbox 68 933 1242 1020; baseline 0.006 -23"><span class='ocrx_word' id='word_1_47' title='bbox 68 933 137 998; x_wconf 84' lang='lat' dir='ltr'>tuit.</span> <span class='ocrx_word' id='word_1_48' title='bbox 177 933 236 999; x_wconf 90' lang='lat' dir='ltr'>sed</span> <span class='ocrx_word' id='word_1_49' title='bbox 257 933 462 1016; x_wconf 89' lang='lat' dir='ltr'>prouidentia</span> <span class='ocrx_word' id='word_1_50' title='bbox 484 935 597 1018; x_wconf 81' lang='lat' dir='ltr'>deum,</span> <span class='ocrx_word' id='word_1_51' title='bbox 631 954 715 1017; x_wconf 92' lang='lat' dir='ltr'>quae</span> <span class='ocrx_word' id='word_1_52' title='bbox 736 934 818 1000; x_wconf 91' lang='lat' dir='ltr'>nihil</span> <span class='ocrx_word' id='word_1_53' title='bbox 840 936 1031 1020; x_wconf 90' lang='lat' dir='ltr'>impunitum</span> <span class='ocrx_word' id='word_1_54' title='bbox 1053 937 1242 1004; x_wconf 77' lang='lat' dir='ltr'>nocentibus</span> 
     </span>
     <span class='ocr_line' id='line_1_8' title="bbox 70 1034 1268 1129; baseline 0.003 -21"><span class='ocrx_word' id='word_1_55' title='bbox 70 1045 242 1128; x_wconf 89' lang='lat' dir='ltr'>permittit,</span> <span class='ocrx_word' id='word_1_56' title='bbox 278 1045 466 1129; x_wconf 91' lang='lat' dir='ltr'>prinsquam</span> <span class='ocrx_word' id='word_1_57' title='bbox 503 1045 565 1112; x_wconf 90' lang='lat' dir='ltr'>iste</span> <span class='ocrx_word' id='word_1_58' title='bbox 601 1044 811 1112; x_wconf 75' lang='lat' dir='ltr'>clandestinis</span> <span class='ocrx_word' id='word_1_59' title='bbox 847 1046 1016 1113; x_wconf 86' lang='lat' dir='ltr'>itineribus</span> <span class='ocrx_word' id='word_1_60' title='bbox 1053 1034 1268 1128; x_wconf 85' lang='lat' dir='ltr'>elaberetur,¹</span> 
     </span>
     <span class='ocr_line' id='line_1_9' title="bbox 15 1151 1243 1239; baseline 0.001 -19"><span class='ocrx_word' id='word_1_61' title='bbox 15 1151 53 1220; x_wconf 74' lang='lat' dir='ltr'>st]</span> <span class='ocrx_word' id='word_1_62' title='bbox 70 1174 166 1221; x_wconf 89' lang='lat' dir='ltr'>mane</span> <span class='ocrx_word' id='word_1_63' title='bbox 188 1157 405 1239; x_wconf 85' lang='lat' dir='ltr'>praestolatus</span> <span class='ocrx_word' id='word_1_64' title='bbox 427 1155 470 1220; x_wconf 90' lang='lat' dir='ltr'>ad</span> <span class='ocrx_word' id='word_1_65' title='bbox 491 1155 717 1239; x_wconf 86' lang='lat' dir='ltr'>grauissimum</span> <span class='ocrx_word' id='word_1_66' title='bbox 746 1155 858 1220; x_wconf 90' lang='lat' dir='ltr'>iudicii</span> <span class='ocrx_word' id='word_1_67' title='bbox 886 1157 985 1222; x_wconf 90' lang='lat' dir='ltr'>uestri</span> <span class='ocrx_word' id='word_1_68' title='bbox 1007 1164 1243 1223; x_wconf 86' lang='lat' dir='ltr'>sacramentum</span> 
     </span>
     <span class='ocr_line' id='line_1_10' title="bbox 70 1265 1243 1350; baseline 0.003 -22"><span class='ocrx_word' id='word_1_69' title='bbox 70 1283 140 1328; x_wconf 91' lang='lat' dir='ltr'>eum</span> <span class='ocrx_word' id='word_1_70' title='bbox 171 1266 282 1330; x_wconf 90' lang='lat' dir='ltr'>curaui</span> <span class='ocrx_word' id='word_1_71' title='bbox 310 1265 494 1350; x_wconf 89' lang='lat' dir='ltr'>perducere.</span> <span class='ocrx_word' id='word_1_72' title='bbox 532 1265 660 1332; x_wconf 87' lang='lat' dir='ltr'>habetis</span> <span class='ocrx_word' id='word_1_73' title='bbox 689 1267 798 1350; x_wconf 89' lang='lat' dir='ltr'>itaque</span> <span class='ocrx_word' id='word_1_74' title='bbox 830 1286 921 1332; x_wconf 89' lang='lat' dir='ltr'>reum</span> <span class='ocrx_word' id='word_1_75' title='bbox 942 1273 988 1332; x_wconf 89' lang='lat' dir='ltr'>tot</span> <span class='ocrx_word' id='word_1_76' title='bbox 1010 1266 1163 1333; x_wconf 87' lang='lat' dir='ltr'>caedibus</span> <span class='ocrx_word' id='word_1_77' title='bbox 1185 1267 1243 1331; x_wconf 93' lang='lat' dir='ltr'>im-</span> 
     </span>
     <span class='ocr_line' id='line_1_11' title="bbox 31 1375 1243 1462; baseline 0.002 -22"><span class='ocrx_word' id='word_1_78' title='bbox 31 1375 203 1459; x_wconf 78' lang='lat' dir='ltr'>inpiatum,</span> <span class='ocrx_word' id='word_1_79' title='bbox 226 1396 316 1442; x_wconf 90' lang='lat' dir='ltr'>reum</span> <span class='ocrx_word' id='word_1_80' title='bbox 338 1394 445 1441; x_wconf 91' lang='lat' dir='ltr'>coram</span> <span class='ocrx_word' id='word_1_81' title='bbox 468 1376 672 1462; x_wconf 86' lang='lat' dir='ltr'>deprensum,</span> <span class='ocrx_word' id='word_1_82' title='bbox 694 1397 785 1443; x_wconf 90' lang='lat' dir='ltr'>reum</span> <span class='ocrx_word' id='word_1_83' title='bbox 807 1377 1022 1462; x_wconf 84' lang='lat' dir='ltr'>peregrinum.</span> <span class='ocrx_word' id='word_1_84' title='bbox 1059 1383 1243 1444; x_wconf 88' lang='lat' dir='ltr'>constanter</span> 
     </span>
     <span class='ocr_line' id='line_1_12' title="bbox 70 1485 1241 1571; baseline 0.003 -23"><span class='ocrx_word' id='word_1_85' title='bbox 70 1486 180 1569; x_wconf 87' lang='lat' dir='ltr'>itaque</span> <span class='ocrx_word' id='word_1_86' title='bbox 195 1486 229 1551; x_wconf 93' lang='lat' dir='ltr'>in</span> <span class='ocrx_word' id='word_1_87' title='bbox 251 1485 413 1554; x_wconf 90' lang='lat' dir='ltr'>hominem</span> <span class='ocrx_word' id='word_1_88' title='bbox 429 1487 569 1553; x_wconf 88' lang='lat' dir='ltr'>alienum</span> <span class='ocrx_word' id='word_1_89' title='bbox 592 1489 672 1554; x_wconf 85' lang='lat' dir='ltr'>ferte</span> <span class='ocrx_word' id='word_1_90' title='bbox 688 1489 865 1554; x_wconf 87' lang='lat' dir='ltr'>sententias</span> <span class='ocrx_word' id='word_1_91' title='bbox 884 1487 924 1552; x_wconf 91' lang='lat' dir='ltr'>de</span> <span class='ocrx_word' id='word_1_92' title='bbox 947 1508 985 1554; x_wconf 94' lang='lat' dir='ltr'>eo</span> <span class='ocrx_word' id='word_1_93' title='bbox 1007 1487 1139 1555; x_wconf 90' lang='lat' dir='ltr'>crimine</span> <span class='ocrx_word' id='word_1_94' title='bbox 1155 1486 1241 1571; x_wconf 90' lang='lat' dir='ltr'>quod</span> 
     </span>
     <span class='ocr_line' id='line_1_13' title="bbox 71 1597 930 1666; baseline 0.002 -6"><span class='ocrx_word' id='word_1_95' title='bbox 71 1597 166 1661; x_wconf 89' lang='lat' dir='ltr'>etiam</span> <span class='ocrx_word' id='word_1_96' title='bbox 190 1597 224 1662; x_wconf 94' lang='lat' dir='ltr'>in</span> <span class='ocrx_word' id='word_1_97' title='bbox 246 1603 388 1664; x_wconf 90' lang='lat' dir='ltr'>uestrum</span> <span class='ocrx_word' id='word_1_98' title='bbox 411 1598 512 1663; x_wconf 88' lang='lat' dir='ltr'>ciuem</span> <span class='ocrx_word' id='word_1_99' title='bbox 536 1597 691 1666; x_wconf 89' lang='lat' dir='ltr'>seueriter</span> <span class='ocrx_word' id='word_1_100' title='bbox 712 1598 930 1664; x_wconf 88' lang='lat' dir='ltr'>uindicaretis.</span> 
     </span>
    </p>

    <p class='ocr_par' dir='ltr' id='par_1_3' title="bbox 71 1702 1326 1904">
     <span class='ocr_line' id='line_1_14' title="bbox 154 1702 1326 1792; baseline 0.001 -19"><span class='ocrx_word' id='word_1_101' title='bbox 154 1707 210 1774; x_wconf 84' lang='lat' dir='ltr'>Sic</span> <span class='ocrx_word' id='word_1_102' title='bbox 230 1708 375 1792; x_wconf 85' lang='lat' dir='ltr'>prolatus</span> <span class='ocrx_word' id='word_1_103' title='bbox 398 1715 565 1774; x_wconf 85' lang='lat' dir='ltr'>accusator</span> <span class='ocrx_word' id='word_1_104' title='bbox 586 1709 762 1776; x_wconf 90' lang='lat' dir='ltr'>acerrimus</span> <span class='ocrx_word' id='word_1_105' title='bbox 790 1709 961 1774; x_wconf 90' lang='lat' dir='ltr'>immanem</span> <span class='ocrx_word' id='word_1_106' title='bbox 983 1728 1094 1774; x_wconf 90' lang='lat' dir='ltr'>uocem</span> <span class='ocrx_word' id='word_1_107' title='bbox 1117 1727 1240 1791; x_wconf 80' lang='lat' dir='ltr'>repres</span> <span class='ocrx_word' id='word_1_108' title='bbox 1261 1702 1326 1766; x_wconf 92' lang='grc' dir='ltr'>ΙΙΙΙ</span> 
     </span>
     <span class='ocr_line' id='line_1_15' title="bbox 71 1814 1244 1904; baseline 0 -22"><span class='ocrx_word' id='word_1_109' title='bbox 71 1817 119 1882; x_wconf 88' lang='lat' dir='ltr'>sit.</span> <span class='ocrx_word' id='word_1_110' title='bbox 157 1837 197 1882; x_wconf 88' lang='lat' dir='ltr'>ae</span> <span class='ocrx_word' id='word_1_111' title='bbox 220 1839 270 1884; x_wconf 89' lang='lat' dir='ltr'>me</span> <span class='ocrx_word' id='word_1_112' title='bbox 293 1818 400 1884; x_wconf 89' lang='lat' dir='ltr'>statim</span> <span class='ocrx_word' id='word_1_113' title='bbox 422 1839 549 1903; x_wconf 84' lang='lat' dir='ltr'>praeco,</span> <span class='ocrx_word' id='word_1_114' title='bbox 573 1818 681 1900; x_wconf 88' lang='lat' dir='ltr'>siquid</span> <span class='ocrx_word' id='word_1_115' title='bbox 702 1819 745 1887; x_wconf 91' lang='lat' dir='ltr'>ad</span> <span class='ocrx_word' id='word_1_116' title='bbox 767 1839 806 1885; x_wconf 90' lang='lat' dir='ltr'>ea</span> <span class='ocrx_word' id='word_1_117' title='bbox 827 1817 1024 1904; x_wconf 84' lang='lat' dir='ltr'>respondere</span> <span class='ocrx_word' id='word_1_118' title='bbox 1046 1819 1172 1901; x_wconf 91' lang='lat' dir='ltr'>uellem,</span> <span class='ocrx_word' id='word_1_119' title='bbox 1195 1814 1244 1883; x_wconf 84' lang='lat' dir='ltr'>in-¹</span> 
     </span>
    </p>

    <p class='ocr_par' dir='ltr' id='par_1_4' title="bbox 31 1927 1243 2326">
     <span class='ocr_line' id='line_1_16' title="bbox 31 1927 1243 2026; baseline 0.002 -35"><span class='ocrx_word' id='word_1_120' title='bbox 31 1945 55 1991; x_wconf 78' lang='lat' dir='ltr'>o</span> <span class='ocrx_word' id='word_1_121' title='bbox 70 1927 166 1994; x_wconf 85' lang='lat' dir='ltr'>bebat</span> <span class='ocrx_word' id='word_1_122' title='bbox 188 1929 339 2014; x_wconf 90' lang='lat' dir='ltr'>incipere.</span> <span class='ocrx_word' id='word_1_123' title='bbox 377 1935 410 1994; x_wconf 89' lang='lat' dir='ltr'>at</span> <span class='ocrx_word' id='word_1_124' title='bbox 432 1949 492 2012; x_wconf 82' lang='lat' dir='ltr'>ego</span> <span class='ocrx_word' id='word_1_125' title='bbox 514 1929 596 1994; x_wconf 90' lang='lat' dir='ltr'>nihil</span> <span class='ocrx_word' id='word_1_126' title='bbox 617 1936 692 1996; x_wconf 89' lang='lat' dir='ltr'>tune</span> <span class='ocrx_word' id='word_1_127' title='bbox 714 1929 867 2012; x_wconf 87' lang='lat' dir='ltr'>temporis</span> <span class='ocrx_word' id='word_1_128' title='bbox 890 1929 1029 2014; x_wconf 86' lang='lat' dir='ltr'>amplius</span> <span class='ocrx_word' id='word_1_129' title='bbox 1051 1949 1148 2013; x_wconf 87' lang='lat' dir='ltr'>quam</span> <span class='ocrx_word' id='word_1_130' title='bbox 1165 1929 1243 2026; x_wconf 67' lang='lat' dir='ltr'>llere</span> 
     </span>
     <span class='ocr_line' id='line_1_17' title="bbox 71 2040 1241 2122; baseline 0.003 -19"><span class='ocrx_word' id='word_1_131' title='bbox 71 2047 215 2122; x_wconf 91' lang='lat' dir='ltr'>poteram</span> <span class='ocrx_word' id='word_1_132' title='bbox 243 2061 308 2105; x_wconf 91' lang='lat' dir='ltr'>non</span> <span class='ocrx_word' id='word_1_133' title='bbox 334 2049 400 2106; x_wconf 85' lang='lat' dir='ltr'>tam</span> <span class='ocrx_word' id='word_1_134' title='bbox 423 2040 577 2106; x_wconf 90' lang='lat' dir='ltr'>Hercules</span> <span class='ocrx_word' id='word_1_135' title='bbox 605 2041 819 2105; x_wconf 86' lang='lat' dir='ltr'>truculentam</span> <span class='ocrx_word' id='word_1_136' title='bbox 847 2041 1084 2106; x_wconf 87' lang='lat' dir='ltr'>accusationem</span> <span class='ocrx_word' id='word_1_137' title='bbox 1113 2040 1241 2106; x_wconf 90' lang='lat' dir='ltr'>intuens</span> 
     </span>
     <span class='ocr_line' id='line_1_18' title="bbox 73 2149 1242 2230; baseline 0.002 -16"><span class='ocrx_word' id='word_1_138' title='bbox 73 2169 166 2230; x_wconf 86' lang='lat' dir='ltr'>quam</span> <span class='ocrx_word' id='word_1_139' title='bbox 182 2171 288 2216; x_wconf 88' lang='lat' dir='ltr'>meam</span> <span class='ocrx_word' id='word_1_140' title='bbox 311 2151 463 2217; x_wconf 89' lang='lat' dir='ltr'>miseram</span> <span class='ocrx_word' id='word_1_141' title='bbox 479 2151 717 2217; x_wconf 85' lang='lat' dir='ltr'>conscientiam.</span> <span class='ocrx_word' id='word_1_142' title='bbox 756 2150 815 2217; x_wconf 92' lang='lat' dir='ltr'>sed</span> <span class='ocrx_word' id='word_1_143' title='bbox 829 2158 938 2216; x_wconf 87' lang='lat' dir='ltr'>tamen</span> <span class='ocrx_word' id='word_1_144' title='bbox 960 2150 1073 2215; x_wconf 90' lang='lat' dir='ltr'>oborta</span> <span class='ocrx_word' id='word_1_145' title='bbox 1087 2149 1242 2216; x_wconf 89' lang='lat' dir='ltr'>diuinitus</span> 
     </span>
     <span class='ocr_line' id='line_1_19' title="bbox 73 2256 420 2326; baseline 0.006 -2"><span class='ocrx_word' id='word_1_146' title='bbox 73 2256 207 2326; x_wconf 82' lang='lat' dir='ltr'>audacia</span> <span class='ocrx_word' id='word_1_147' title='bbox 230 2262 276 2326; x_wconf 90' lang='lat' dir='ltr'>sic</span> <span class='ocrx_word' id='word_1_148' title='bbox 297 2260 339 2325; x_wconf 92' lang='lat' dir='ltr'>ad</span> <span class='ocrx_word' id='word_1_149' title='bbox 361 2261 420 2326; x_wconf 89' lang='lat' dir='ltr'>illa</span> 
     </span>
    </p>

    <p class='ocr_par' dir='ltr' id='par_1_5' title="bbox 150 2365 1242 2460">
     <span class='ocr_line' id='line_1_20' title="bbox 150 2365 1242 2460; baseline 0.001 -24"><span class='ocrx_word' id='word_1_150' title='bbox 150 2365 233 2436; x_wconf 87' lang='lat' dir='ltr'>‘Nee</span> <span class='ocrx_word' id='word_1_151' title='bbox 247 2371 318 2456; x_wconf 92' lang='lat' dir='ltr'>ipse</span> <span class='ocrx_word' id='word_1_152' title='bbox 332 2371 445 2455; x_wconf 83' lang='lat' dir='ltr'>ignoro</span> <span class='ocrx_word' id='word_1_153' title='bbox 468 2392 564 2457; x_wconf 88' lang='lat' dir='ltr'>quam</span> <span class='ocrx_word' id='word_1_154' title='bbox 591 2371 632 2438; x_wconf 91' lang='lat' dir='ltr'>sit</span> <span class='ocrx_word' id='word_1_155' title='bbox 654 2371 790 2436; x_wconf 90' lang='lat' dir='ltr'>arduum</span> <span class='ocrx_word' id='word_1_156' title='bbox 804 2371 898 2460; x_wconf 88' lang='lat' dir='ltr'>trinis</span> <span class='ocrx_word' id='word_1_157' title='bbox 921 2371 1040 2436; x_wconf 89' lang='lat' dir='ltr'>ciuium</span> <span class='ocrx_word' id='word_1_158' title='bbox 1054 2370 1242 2457; x_wconf 87' lang='lat' dir='ltr'>corporibus</span> 
     </span>
    </p>

    <p class='ocr_par' dir='ltr' id='par_1_6' title="bbox 32 2482 1250 3015">
     <span class='ocr_line' id='line_1_21' title="bbox 32 2482 1242 2568; baseline 0.004 -25"><span class='ocrx_word' id='word_1_159' title='bbox 32 2496 57 2545; x_wconf 83' lang='lat' dir='ltr'>ro</span> <span class='ocrx_word' id='word_1_160' title='bbox 74 2482 229 2567; x_wconf 82' lang='lat' dir='ltr'>expositis</span> <span class='ocrx_word' id='word_1_161' title='bbox 259 2503 334 2549; x_wconf 92' lang='lat' dir='ltr'>eum</span> <span class='ocrx_word' id='word_1_162' title='bbox 360 2484 416 2568; x_wconf 91' lang='lat' dir='ltr'>qni</span> <span class='ocrx_word' id='word_1_163' title='bbox 445 2482 554 2550; x_wconf 83' lang='lat' dir='ltr'>caedis</span> <span class='ocrx_word' id='word_1_164' title='bbox 582 2489 736 2567; x_wconf 83' lang='lat' dir='ltr'>arguatur</span> <span class='ocrx_word' id='word_1_165' title='bbox 763 2482 911 2567; x_wconf 89' lang='lat' dir='ltr'>quamuis</span> <span class='ocrx_word' id='word_1_166' title='bbox 939 2502 1018 2549; x_wconf 88' lang='lat' dir='ltr'>uera</span> <span class='ocrx_word' id='word_1_167' title='bbox 1040 2482 1127 2548; x_wconf 86' lang='lat' dir='ltr'>dieat</span> <span class='ocrx_word' id='word_1_168' title='bbox 1148 2490 1180 2548; x_wconf 88' lang='lat' dir='ltr'>et</span> <span class='ocrx_word' id='word_1_169' title='bbox 1201 2482 1242 2548; x_wconf 91' lang='lat' dir='ltr'>de</span> 
     </span>
     <span class='ocr_line' id='line_1_22' title="bbox 73 2590 1242 2677; baseline 0.002 -22"><span class='ocrx_word' id='word_1_170' title='bbox 73 2593 152 2658; x_wconf 86' lang='lat' dir='ltr'>facto</span> <span class='ocrx_word' id='word_1_171' title='bbox 176 2593 364 2659; x_wconf 88' lang='lat' dir='ltr'>confiteatur</span> <span class='ocrx_word' id='word_1_172' title='bbox 385 2594 478 2675; x_wconf 86' lang='lat' dir='ltr'>ultro,</span> <span class='ocrx_word' id='word_1_173' title='bbox 500 2590 609 2659; x_wconf 81' lang='lat' dir='ltr'>tamen</span> <span class='ocrx_word' id='word_1_174' title='bbox 632 2600 742 2659; x_wconf 89' lang='lat' dir='ltr'>tantae</span> <span class='ocrx_word' id='word_1_175' title='bbox 764 2592 959 2659; x_wconf 91' lang='lat' dir='ltr'>multitudini</span> <span class='ocrx_word' id='word_1_176' title='bbox 981 2592 1066 2677; x_wconf 91' lang='lat' dir='ltr'>quod</span> <span class='ocrx_word' id='word_1_177' title='bbox 1089 2594 1131 2659; x_wconf 90' lang='lat' dir='ltr'>sit</span> <span class='ocrx_word' id='word_1_178' title='bbox 1153 2594 1242 2658; x_wconf 91' lang='lat' dir='ltr'>inno-</span> 
     </span>
     <span class='ocr_line' id='line_1_23' title="bbox 74 2702 1242 2789; baseline 0 -22"><span class='ocrx_word' id='word_1_179' title='bbox 74 2722 144 2769; x_wconf 89' lang='lat' dir='ltr'>cens</span> <span class='ocrx_word' id='word_1_180' title='bbox 174 2702 382 2789; x_wconf 88' lang='lat' dir='ltr'>persuadere.</span> <span class='ocrx_word' id='word_1_181' title='bbox 420 2704 477 2770; x_wconf 88' lang='lat' dir='ltr'>sed</span> <span class='ocrx_word' id='word_1_182' title='bbox 507 2706 534 2770; x_wconf 91' lang='lat' dir='ltr'>si</span> <span class='ocrx_word' id='word_1_183' title='bbox 563 2705 729 2789; x_wconf 88' lang='lat' dir='ltr'>paulisper</span> <span class='ocrx_word' id='word_1_184' title='bbox 758 2703 956 2770; x_wconf 89' lang='lat' dir='ltr'>audientiam</span> <span class='ocrx_word' id='word_1_185' title='bbox 978 2704 1140 2787; x_wconf 89' lang='lat' dir='ltr'>publicam</span> <span class='ocrx_word' id='word_1_186' title='bbox 1163 2702 1242 2767; x_wconf 91' lang='lat' dir='ltr'>mihi</span> 
     </span>
     <span class='ocr_line' id='line_1_24' title="bbox 74 2813 1243 2898; baseline 0.003 -21"><span class='ocrx_word' id='word_1_187' title='bbox 74 2814 218 2879; x_wconf 90' lang='lat' dir='ltr'>tribuerit</span> <span class='ocrx_word' id='word_1_188' title='bbox 240 2814 440 2897; x_wconf 89' lang='lat' dir='ltr'>hnmanitas,</span> <span class='ocrx_word' id='word_1_189' title='bbox 471 2815 566 2880; x_wconf 87' lang='lat' dir='ltr'>iaeile</span> <span class='ocrx_word' id='word_1_190' title='bbox 594 2834 652 2881; x_wconf 90' lang='lat' dir='ltr'>uos</span> <span class='ocrx_word' id='word_1_191' title='bbox 682 2814 823 2880; x_wconf 88' lang='lat' dir='ltr'>edocebo</span> <span class='ocrx_word' id='word_1_192' title='bbox 844 2813 903 2880; x_wconf 74' lang='lat' dir='ltr'>&#39;me</span> <span class='ocrx_word' id='word_1_193' title='bbox 931 2813 1105 2880; x_wconf 90' lang='lat' dir='ltr'>discrimen</span> <span class='ocrx_word' id='word_1_194' title='bbox 1126 2814 1243 2898; x_wconf 89' lang='lat' dir='ltr'>capitis</span> 
     </span>
     <span class='ocr_line' id='line_1_25' title="bbox 75 2924 1250 3015; baseline 0.002 -28"><span class='ocrx_word' id='word_1_195' title='bbox 75 2945 133 2989; x_wconf 89' lang='lat' dir='ltr'>non</span> <span class='ocrx_word' id='word_1_196' title='bbox 155 2944 228 2991; x_wconf 89' lang='lat' dir='ltr'>meo</span> <span class='ocrx_word' id='word_1_197' title='bbox 251 2924 364 2991; x_wconf 87' lang='lat' dir='ltr'>merito</span> <span class='ocrx_word' id='word_1_198' title='bbox 393 2924 453 2991; x_wconf 88' lang='lat' dir='ltr'>sed</span> <span class='ocrx_word' id='word_1_199' title='bbox 480 2924 682 2991; x_wconf 88' lang='lat' dir='ltr'>rationabilis</span> <span class='ocrx_word' id='word_1_200' title='bbox 713 2924 946 3007; x_wconf 83' lang='lat' dir='ltr'>indignationis</span> <span class='ocrx_word' id='word_1_201' title='bbox 975 2930 1092 2989; x_wconf 91' lang='lat' dir='ltr'>euentu</span> <span class='ocrx_word' id='word_1_202' title='bbox 1113 2924 1250 3015; x_wconf 85' lang='lat' dir='ltr'>fortuito</span> 
     </span>
    </p>

    <p class='ocr_par' dir='ltr' id='par_1_7' title="bbox 34 3033 870 3101">
     <span class='ocr_line' id='line_1_26' title="bbox 34 3033 870 3101; baseline 0.004 -5"><span class='ocrx_word' id='word_1_203' title='bbox 34 3049 58 3097; x_wconf 77' lang='lat' dir='ltr'>rs</span> <span class='ocrx_word' id='word_1_204' title='bbox 75 3042 192 3101; x_wconf 88' lang='lat' dir='ltr'>tantam</span> <span class='ocrx_word' id='word_1_205' title='bbox 215 3036 357 3101; x_wconf 90' lang='lat' dir='ltr'>oriminis</span> <span class='ocrx_word' id='word_1_206' title='bbox 379 3033 537 3101; x_wconf 88' lang='lat' dir='ltr'>inuidiam</span> <span class='ocrx_word' id='word_1_207' title='bbox 559 3036 677 3101; x_wconf 85' lang='lat' dir='ltr'>frustra</span> <span class='ocrx_word' id='word_1_208' title='bbox 699 3035 870 3101; x_wconf 85' lang='lat' dir='ltr'>sustinere.</span> 
     </span>
    </p>

    <p class='ocr_par' dir='ltr' id='par_1_8' title="bbox 75 3144 1296 3561">
     <span class='ocr_line' id='line_1_27' title="bbox 154 3144 1296 3230; baseline 0.001 -18"><span class='ocrx_word' id='word_1_209' title='bbox 154 3146 239 3212; x_wconf 86' lang='lat' dir='ltr'>Nam</span> <span class='ocrx_word' id='word_1_210' title='bbox 254 3165 326 3211; x_wconf 91' lang='lat' dir='ltr'>cum</span> <span class='ocrx_word' id='word_1_211' title='bbox 349 3166 370 3211; x_wconf 87' lang='lat' dir='ltr'>a</span> <span class='ocrx_word' id='word_1_212' title='bbox 392 3165 472 3212; x_wconf 89' lang='lat' dir='ltr'>cena</span> <span class='ocrx_word' id='word_1_213' title='bbox 486 3166 538 3211; x_wconf 93' lang='lat' dir='ltr'>me</span> <span class='ocrx_word' id='word_1_214' title='bbox 559 3146 664 3213; x_wconf 89' lang='lat' dir='ltr'>serius</span> <span class='ocrx_word' id='word_1_215' title='bbox 679 3146 845 3229; x_wconf 90' lang='lat' dir='ltr'>aliquanto</span> <span class='ocrx_word' id='word_1_216' title='bbox 868 3144 1044 3230; x_wconf 85' lang='lat' dir='ltr'>reciperem</span> <span class='ocrx_word' id='word_1_217' title='bbox 1059 3145 1244 3228; x_wconf 87' lang='lat' dir='ltr'>potulentus</span> <span class='ocrx_word' id='word_1_218' title='bbox 1267 3150 1296 3213; x_wconf 86' lang='lat' dir='ltr'><strong>V</strong></span> 
     </span>
     <span class='ocr_line' id='line_1_28' title="bbox 75 3232 1242 3341; baseline 0 -22"><span class='ocrx_word' id='word_1_219' title='bbox 75 3254 223 3341; x_wconf 87' lang='lat' dir='ltr'>alioquin,</span> <span class='ocrx_word' id='word_1_220' title='bbox 247 3255 333 3339; x_wconf 89' lang='lat' dir='ltr'>quod</span> <span class='ocrx_word' id='word_1_221' title='bbox 354 3256 451 3341; x_wconf 86' lang='lat' dir='ltr'>plane</span> <span class='ocrx_word' id='word_1_222' title='bbox 473 3232 584 3322; x_wconf 80' lang='lat' dir='ltr'>uerum</span> <span class='ocrx_word' id='word_1_223' title='bbox 607 3256 726 3323; x_wconf 92' lang='lat' dir='ltr'>crimen</span> <span class='ocrx_word' id='word_1_224' title='bbox 750 3265 941 3322; x_wconf 69' lang='lat' dir='ltr'>meum&#39;uon</span> <span class='ocrx_word' id='word_1_225' title='bbox 964 3254 1143 3332; x_wconf 82' lang='lat' dir='ltr'>diffitebor,</span> <span class='ocrx_word' id='word_1_226' title='bbox 1166 3262 1242 3319; x_wconf 88' lang='lat' dir='ltr'>ante</span> 
     </span>
     <span class='ocr_line' id='line_1_29' title="bbox 76 3360 1242 3452; baseline 0.003 -25"><span class='ocrx_word' id='word_1_227' title='bbox 76 3364 159 3448; x_wconf 90' lang='lat' dir='ltr'>ipsas</span> <span class='ocrx_word' id='word_1_228' title='bbox 189 3367 274 3433; x_wconf 86' lang='lat' dir='ltr'>iores</span> <span class='ocrx_word' id='word_1_229' title='bbox 304 3365 436 3452; x_wconf 88' lang='lat' dir='ltr'>hospitii</span> <span class='ocrx_word' id='word_1_230' title='bbox 459 3404 500 3413; x_wconf 94' lang='lat'>—</span> <span class='ocrx_word' id='word_1_231' title='bbox 523 3366 565 3433; x_wconf 89' lang='lat' dir='ltr'>ad</span> <span class='ocrx_word' id='word_1_232' title='bbox 594 3366 712 3432; x_wconf 90' lang='lat' dir='ltr'>bonum</span> <span class='ocrx_word' id='word_1_233' title='bbox 741 3373 849 3433; x_wconf 89' lang='lat' dir='ltr'>autem</span> <span class='ocrx_word' id='word_1_234' title='bbox 877 3360 1029 3432; x_wconf 87' lang='lat' dir='ltr'>Milonem</span> <span class='ocrx_word' id='word_1_235' title='bbox 1058 3366 1161 3432; x_wconf 88' lang='lat' dir='ltr'>ciuem</span> <span class='ocrx_word' id='word_1_236' title='bbox 1189 3385 1242 3431; x_wconf 91' lang='lat' dir='ltr'>ue-</span> 
     </span>
     <span class='ocr_line' id='line_1_30' title="bbox 76 3470 1242 3561; baseline 0.001 -22"><span class='ocrx_word' id='word_1_237' title='bbox 76 3481 170 3540; x_wconf 88' lang='lat' dir='ltr'>strum</span> <span class='ocrx_word' id='word_1_238' title='bbox 194 3474 324 3541; x_wconf 84' lang='lat' dir='ltr'>deuorto</span> <span class='ocrx_word' id='word_1_239' title='bbox 348 3512 389 3521; x_wconf 93' lang='lat'><em>—</em></span> <span class='ocrx_word' id='word_1_240' title='bbox 412 3470 507 3544; x_wconf 85' lang='lat' dir='ltr'>uideo</span> <span class='ocrx_word' id='word_1_241' title='bbox 537 3477 692 3561; x_wconf 89' lang='lat' dir='ltr'>quosdam</span> <span class='ocrx_word' id='word_1_242' title='bbox 723 3478 932 3544; x_wconf 88' lang='lat' dir='ltr'>saeuissimos</span> <span class='ocrx_word' id='word_1_243' title='bbox 955 3479 1097 3544; x_wconf 90' lang='lat' dir='ltr'>latrones</span> <span class='ocrx_word' id='word_1_244' title='bbox 1119 3476 1242 3542; x_wconf 89' lang='lat' dir='ltr'>aditum</span> 
     </span>
    </p>

    <p class='ocr_par' dir='ltr' id='par_1_9' title="bbox 37 3586 1242 4006">
     <span class='ocr_line' id='line_1_31' title="bbox 37 3586 1242 3671; baseline 0.003 -24"><span class='ocrx_word' id='word_1_245' title='bbox 37 3592 264 3671; x_wconf 76' lang='lat' dir='ltr'>attemptantes</span> <span class='ocrx_word' id='word_1_246' title='bbox 295 3593 326 3653; x_wconf 91' lang='lat' dir='ltr'>et</span> <span class='ocrx_word' id='word_1_247' title='bbox 355 3586 467 3654; x_wconf 75' lang='lat' dir='ltr'>doinus</span> <span class='ocrx_word' id='word_1_248' title='bbox 497 3589 613 3655; x_wconf 88' lang='lat' dir='ltr'>ianuas</span> <span class='ocrx_word' id='word_1_249' title='bbox 642 3587 828 3654; x_wconf 88' lang='lat' dir='ltr'>cardinibus</span> <span class='ocrx_word' id='word_1_250' title='bbox 856 3587 990 3653; x_wconf 90' lang='lat' dir='ltr'>obtortis</span> <span class='ocrx_word' id='word_1_251' title='bbox 1019 3588 1158 3653; x_wconf 89' lang='lat' dir='ltr'>euellere</span> <span class='ocrx_word' id='word_1_252' title='bbox 1186 3606 1242 3671; x_wconf 81' lang='lat' dir='ltr'>ge·</span> 
     </span>
     <span class='ocr_line' id='line_1_32' title="bbox 77 3696 1234 3787; baseline 0.002 -28"><span class='ocrx_word' id='word_1_253' title='bbox 77 3696 206 3762; x_wconf 88' lang='lat' dir='ltr'>stientes</span> <span class='ocrx_word' id='word_1_254' title='bbox 221 3696 434 3781; x_wconf 87' lang='lat' dir='ltr'>claustrisque</span> <span class='ocrx_word' id='word_1_255' title='bbox 448 3698 607 3787; x_wconf 87' lang='lat' dir='ltr'>omnibus,</span> <span class='ocrx_word' id='word_1_256' title='bbox 624 3718 706 3780; x_wconf 91' lang='lat' dir='ltr'>quae</span> <span class='ocrx_word' id='word_1_257' title='bbox 721 3698 963 3764; x_wconf 90' lang='lat' dir='ltr'>accuratissime</span> <span class='ocrx_word' id='word_1_258' title='bbox 974 3697 1083 3762; x_wconf 84' lang='lat' dir='ltr'>adfixa</span> <span class='ocrx_word' id='word_1_259' title='bbox 1097 3698 1234 3779; x_wconf 83' lang='lat' dir='ltr'>inerant,</span> 
     </span>
     <span class='ocr_line' id='line_1_33' title="bbox 77 3805 1240 3875; baseline 0.003 -8"><span class='ocrx_word' id='word_1_260' title='bbox 77 3805 227 3872; x_wconf 90' lang='lat' dir='ltr'>uiolenter</span> <span class='ocrx_word' id='word_1_261' title='bbox 242 3807 362 3874; x_wconf 88' lang='lat' dir='ltr'>euulsis</span> <span class='ocrx_word' id='word_1_262' title='bbox 377 3827 485 3875; x_wconf 89' lang='lat' dir='ltr'>secum</span> <span class='ocrx_word' id='word_1_263' title='bbox 500 3810 565 3875; x_wconf 92' lang='lat' dir='ltr'>iam</span> <span class='ocrx_word' id='word_1_264' title='bbox 581 3809 621 3873; x_wconf 91' lang='lat' dir='ltr'>de</span> <span class='ocrx_word' id='word_1_265' title='bbox 635 3808 884 3873; x_wconf 85' lang='lat' dir='ltr'>inhabitantium</span> <span class='ocrx_word' id='word_1_266' title='bbox 900 3808 998 3873; x_wconf 86' lang='lat' dir='ltr'>exitio</span> <span class='ocrx_word' id='word_1_267' title='bbox 1012 3805 1240 3873; x_wconf 89' lang='lat' dir='ltr'>deliberantes.</span> 
     </span>
     <span class='ocr_line' id='line_1_34' title="bbox 77 3916 1240 4006; baseline 0.002 -28"><span class='ocrx_word' id='word_1_268' title='bbox 77 3934 153 3983; x_wconf 90' lang='lat' dir='ltr'>unus</span> <span class='ocrx_word' id='word_1_269' title='bbox 181 3917 320 4001; x_wconf 91' lang='lat' dir='ltr'>denique</span> <span class='ocrx_word' id='word_1_270' title='bbox 342 3925 374 3983; x_wconf 92' lang='lat' dir='ltr'>et</span> <span class='ocrx_word' id='word_1_271' title='bbox 396 3940 493 3985; x_wconf 89' lang='lat' dir='ltr'>manu</span> <span class='ocrx_word' id='word_1_272' title='bbox 521 3920 698 4006; x_wconf 90' lang='lat' dir='ltr'>promptior</span> <span class='ocrx_word' id='word_1_273' title='bbox 720 3925 752 3983; x_wconf 91' lang='lat' dir='ltr'>et</span> <span class='ocrx_word' id='word_1_274' title='bbox 773 3936 906 4000; x_wconf 89' lang='lat' dir='ltr'>corpore</span> <span class='ocrx_word' id='word_1_275' title='bbox 935 3918 1056 3983; x_wconf 89' lang='lat' dir='ltr'>uastior</span> <span class='ocrx_word' id='word_1_276' title='bbox 1078 3916 1129 3984; x_wconf 90' lang='lat' dir='ltr'>his</span> <span class='ocrx_word' id='word_1_277' title='bbox 1151 3917 1240 3981; x_wconf 83' lang='lat' dir='ltr'>adl-</span> 
     </span>
    </p>
   </div>
   <div class='ocr_carea' id='block_1_3' title="bbox 80 4176 1240 4443">
    <p class='ocr_par' dir='ltr' id='par_1_10' title="bbox 80 4176 1240 4443">
     <span class='ocr_line' id='line_1_35' title="bbox 140 4176 1240 4254; baseline -0.008 -14"><span class='ocrx_word' id='word_1_278' title='bbox 140 4185 254 4241; x_wconf 79' lang='lat' dir='ltr'>dmehrl</span> <span class='ocrx_word' id='word_1_279' title='bbox 271 4185 299 4241; x_wconf 99' lang='lat' dir='ltr'><em>F</em></span> <span class='ocrx_word' id='word_1_280' title='bbox 362 4182 513 4254; x_wconf 84' lang='lat' dir='ltr'>9pdueere</span> <span class='ocrx_word' id='word_1_281' title='bbox 530 4182 569 4235; x_wconf 84' lang='lat' dir='ltr'>sic</span> <span class='ocrx_word' id='word_1_282' title='bbox 586 4180 630 4251; x_wconf 80' lang='lat' dir='ltr'>Fp</span> <span class='ocrx_word' id='word_1_283' title='bbox 690 4184 720 4235; x_wconf 88' lang='lat'>13</span> <span class='ocrx_word' id='word_1_284' title='bbox 738 4178 839 4249; x_wconf 64' lang='lat' dir='ltr'>npetu</span> <span class='ocrx_word' id='word_1_285' title='bbox 857 4179 886 4232; x_wconf 93' lang='lat' dir='ltr'><em>F</em></span> <span class='ocrx_word' id='word_1_286' title='bbox 945 4178 1076 4241; x_wconf 69' lang='lat' dir='ltr'>secessim</span> <span class='ocrx_word' id='word_1_287' title='bbox 1101 4176 1156 4245; x_wconf 80' lang='lat' dir='ltr'>Fp</span> <span class='ocrx_word' id='word_1_288' title='bbox 1213 4182 1240 4231; x_wconf 80' lang='lat'>15</span> 
     </span>
     <span class='ocr_line' id='line_1_36' title="bbox 80 4270 1237 4349; baseline -0.003 -22"><span class='ocrx_word' id='word_1_289' title='bbox 80 4277 155 4333; x_wconf 87' lang='lat' dir='ltr'>mehrl</span> <span class='ocrx_word' id='word_1_290' title='bbox 171 4280 199 4335; x_wconf 86' lang='lat' dir='ltr'><em>F</em></span> <span class='ocrx_word' id='word_1_291' title='bbox 288 4282 318 4333; x_wconf 78' lang='lat'>22</span> <span class='ocrx_word' id='word_1_292' title='bbox 337 4277 489 4349; x_wconf 80' lang='lat' dir='ltr'>proalderes</span> <span class='ocrx_word' id='word_1_293' title='bbox 512 4290 544 4330; x_wconf 84' lang='lat' dir='ltr'>ea</span> <span class='ocrx_word' id='word_1_294' title='bbox 567 4274 648 4343; x_wconf 78' lang='lat' dir='ltr'>pr</span> <span class='ocrx_word' id='word_1_295' title='bbox 735 4276 767 4326; x_wconf 80' lang='lat'>24</span> <span class='ocrx_word' id='word_1_296' title='bbox 784 4278 880 4327; x_wconf 87' lang='lat' dir='ltr'>menta</span> <span class='ocrx_word' id='word_1_297' title='bbox 903 4278 934 4327; x_wconf 83' lang='lat' dir='ltr'>ut</span> <span class='ocrx_word' id='word_1_298' title='bbox 956 4271 1011 4327; x_wconf 78' lang='lat' dir='ltr'>oid.</span> <span class='ocrx_word' id='word_1_299' title='bbox 1030 4270 1076 4336; x_wconf 86' lang='lat' dir='ltr'>F,</span> <span class='ocrx_word' id='word_1_300' title='bbox 1103 4276 1237 4341; x_wconf 75' lang='lat' dir='ltr'>mentop</span> 
     </span>
     <span class='ocr_line' id='line_1_37' title="bbox 81 4366 914 4443; baseline 0 -24"><span class='ocrx_word' id='word_1_301' title='bbox 81 4378 170 4426; x_wconf 87' lang='lat' dir='ltr'>euentu</span> <span class='ocrx_word' id='word_1_302' title='bbox 188 4406 197 4421; x_wconf 78' lang='lat'>·</span> <span class='ocrx_word' id='word_1_303' title='bbox 215 4372 345 4443; x_wconf 80' lang='lat' dir='ltr'>(sortasse</span> <span class='ocrx_word' id='word_1_304' title='bbox 361 4372 419 4441; x_wconf 79' lang='lat' dir='ltr'>fait</span> <span class='ocrx_word' id='word_1_305' title='bbox 437 4372 456 4436; x_wconf 77' lang='lat' dir='ltr'>lt</span> <span class='ocrx_word' id='word_1_306' title='bbox 475 4369 507 4435; x_wconf 87' lang='lat' dir='ltr'>F,</span> <span class='ocrx_word' id='word_1_307' title='bbox 526 4375 623 4423; x_wconf 88' lang='lat' dir='ltr'>euentu</span> <span class='ocrx_word' id='word_1_308' title='bbox 642 4386 661 4437; x_wconf 79' lang='lat' dir='ltr'>p</span> <span class='ocrx_word' id='word_1_309' title='bbox 748 4371 781 4421; x_wconf 74' lang='lat'>⁴26</span> <span class='ocrx_word' id='word_1_310' title='bbox 801 4379 869 4435; x_wconf 77' lang='lat' dir='ltr'>cena</span> <span class='ocrx_word' id='word_1_311' title='bbox 886 4366 914 4419; x_wconf 93' lang='lat' dir='ltr'><em>F</em></span> 
     </span>
    </p>
   </div>
   <div class='ocr_carea' id='block_1_4' title="bbox 0 0 1476 4900">
    <p class='ocr_par' dir='ltr' id='par_1_11' title="bbox 0 0 1476 4900">
     <span class='ocr_line' id='line_1_38' title="bbox 0 0 1476 4900; baseline 0 0"><span class='ocrx_word' id='word_1_312' title='bbox 0 0 1476 4900; x_wconf 95' lang='lat' dir='ltr'> </span> 
     </span>
    </p>
   </div>
  </div>
 </body>
</html>
