2934 4900
602 253 675 325 cnr.
698 277 825 323 X1—nv
1156 352 1158 361 y
1236 266 1303 327 213

126 434 296 506 tenuatur,
324 432 438 493 uenter
466 426 585 495 obesus
615 426 747 511 residet,
780 428 899 514 pedum
922 431 1054 515 plantae
1076 449 1134 516 per
1156 433 1298 515 ungulas

126 537 162 604 iu
183 537 302 621 digitos
332 544 464 620 exeunt,
494 557 610 605 manus
637 559 704 604 non
731 540 798 607 iam
825 538 926 624 pedes
957 540 1112 609 suntsed
1134 542 1167 607 iu
1190 549 1298 609 erecta
1364 518 1366 529 ’

126 648 333 732 porriguntur
354 646 477 728 officia,
506 648 615 715 ceruix
644 669 779 733 procera
805 650 987 737 cohibetur,
1018 672 1054 718 os
1077 658 1110 719 et
1131 659 1227 737 caput
1250 672 1298 718 ro-

125 758 289 840 tundatur,
311 777 407 824 auros
422 776 569 827 enormes
591 766 741 844 repetunt
762 758 932 845 pristinam
954 761 1158 847 paruitatcm,
1182 762 1297 829 dentes

91 897 106 947 5
127 869 218 936 saxei
239 867 376 935 redeunt
396 866 440 933 ad
461 869 637 935 humanam
664 870 832 937 minutiem
854 878 886 937 et
907 890 991 955 quae
1013 892 1065 939 me
1092 874 1296 957 potissimum

126 979 291 1045 cruciabat
312 985 399 1060 ante,
421 978 527 1045 cauda
547 984 723 1065 nusquam!
752 981 864 1066 populi
886 982 1052 1065 mirantur,
1075 983 1219 1066 religiosi
1240 1002 1297 1049 ue-

125 1096 281 1157 nerantur
309 1098 376 1154 tam
398 1088 579 1155 euidentem
606 1091 740 1156 maximi
768 1092 911 1158 numinis
939 1092 1118 1178 potentiam
1140 1099 1173 1159 et
1193 1093 1297 1160 consi-

124 1200 238 1272 milem,
255 1199 421 1266 nocturnis
442 1199 639 1284 imaginihus
660 1202 933 1285 magnificentiam
960 1209 993 1269 et
1026 1202 1211 1270 facilitatem
1248 1222 1297 1269 re·

124 1310 327 1377 formationis
348 1311 499 1394 claraque
521 1316 553 1376 et
574 1329 717 1377 consona
739 1330 826 1395 uoce,
849 1313 939 1378 caelo
951 1300 1069 1379 manus
1084 1311 1297 1379 adtendentes

73 1441 106 1490 ro
124 1425 284 1488 testantur
305 1426 373 1502 tam
392 1421 528 1487 inlustre
549 1419 631 1486 deae
658 1420 858 1497 beneficium.
903 1428 937 1487 at
957 1439 1018 1507 ego
1041 1422 1293 1509 stupore,nimio
1314 1420 1415 1487 XIIII

125 1531 252 1598 defixus
274 1532 391 1597 tacitus
418 1530 592 1596 haerebam
620 1532 730 1597 animo
752 1551 824 1597 mco
846 1538 913 1597 tam
940 1532 1144 1617 repentinum
1166 1538 1296 1615 tamque

124 1662 279 1727 maguum
310 1662 376 1707 non
407 1641 555 1725 capiente
590 1640 761 1725 gaudium,
798 1641 876 1727 quid
904 1642 1107 1727 potissimum
1129 1643 1296 1728 praefarer

124 1752 324 1839 primarium,
347 1751 434 1817 unde
454 1771 560 1817 nouae
581 1752 671 1819 noeis
692 1751 859 1818 exordium
881 1771 1040 1838 caperem,
1062 1773 1126 1838 quo
1148 1773 1297 1821 sermone

125 1883 212 1930 nunc
232 1867 347 1929 renata
367 1862 482 1945 lingua
502 1862 628 1929 felicius
649 1862 846 1947 suspicarer,
869 1862 987 1949 quibus
1010 1862 1204 1948 quantisque
1225 1882 1295 1929 uer-

75 1988 106 2038 15
125 1974 177 2042 bis
198 1979 310 2039 tautae
331 1972 414 2039 deae
435 1972 559 2055 gratias
580 1992 720 2058 agerem
744 1972 801 2039 sed
816 1972 968 2041 sacerdos
990 1980 1162 2057 utcumque
1183 1973 1296 2039 diuino

125 2084 248 2150 monitu
269 2083 408 2168 cognitis
429 2084 471 2149 ab
494 2084 619 2167 origine
640 2083 763 2150 cunctis
785 2082 933 2150 cladibus
955 2083 1035 2152 meis
1051 2102 1245 2169 quamquam
1264 2091 1297 2150 et

124 2196 196 2280 ipse
217 2194 340 2279 insigni
361 2198 524 2277 permotus
545 2193 701 2259 miraculo
721 2200 802 2259 nutu
824 2192 1004 2276 significato
1026 2193 1115 2279 prius
1137 2193 1296 2278 praecipit

123 2302 265 2389 tegendo
287 2303 365 2368 mihi
387 2305 522 2370 linteam
544 2303 616 2369 dari
637 2302 798 2369 laciniam
821 2323 897 2369 nam
919 2324 970 2369 me
986 2323 1057 2370 cnm
1079 2304 1218 2389 primum
1239 2324 1295 2370 ne·

123 2417 207 2483 fasto
228 2415 372 2500 tegmine
392 2414 633 2498 despoliauerat
654 2414 776 2498 asinus,
799 2413 993 2498 compressis
1021 2415 1055 2482 in
1077 2422 1182 2482 artum
1204 2414 1295 2482 femi-

72 2531 106 2582 20
124 2527 221 2594 nibus
241 2534 275 2592 et
296 2525 514 2610 superstrictis
536 2532 686 2592 accurate
707 2517 856 2592 mrinibus
878 2532 1034 2610 quantum
1058 2525 1146 2592 nudo
1178 2526 1296 2591 licebat

122 2617 304 2704 uelamento
327 2655 378 2702 me
398 2636 539 2704 naturah
561 2636 661 2720 probe
684 2635 894 2703 muniueram.
927 2647 1003 2706 tunc
1025 2654 1044 2700 e
1065 2636 1195 2702 cohorte
1217 2636 1295 2702 reli-

122 2748 230 2832 gionis
251 2769 335 2815 unus
356 2748 485 2832 inpigre
506 2747 705 2831 superiorem
733 2753 849 2812 exutus
877 2746 1018 2812 tunicam
1041 2747 1220 2830 supertexit
1242 2765 1295 2812 me

124 2859 300 2926 celerrime.
323 2878 387 2942 quo
408 2858 493 2924 facto
514 2856 666 2924 sacerdos
689 2857 780 2922 uultu
800 2856 922 2941 geniali
945 2862 978 2922 ot
999 2856 1155 2924 Hercules
1176 2855 1295 2940 perhu-

124 2989 222 3035 mano
243 2969 278 3035 iu
300 2974 467 3052 aspectum
488 2986 595 3034 meum
618 2967 772 3033 attonitus
795 2967 842 3033 sic
865 2966 981 3031 effatur

74 3088 106 3138 25
207 3073 336 3144 ‘Multis
358 3084 390 3142 et
417 3077 518 3144 uariis
545 3075 725 3144 exanclatis
747 3076 914 3143 laboribus
936 3077 1127 3160 magnisque
1149 3076 1298 3142 fortunae
1319 3086 1381 3154 XV

124 3189 370 3274 tempestatibus
392 3195 426 3255 et
446 3188 597 3255 maximis
618 3195 709 3254 actus
738 3187 888 3271 procellis
910 3185 953 3252 ad
974 3193 1104 3271 portum
1123 3186 1241 3270 quietis
1264 3192 1296 3252 et

125 3319 217 3365 aram
238 3297 479 3366 Misericordiae
500 3297 647 3379 tandem,
670 3295 766 3374 Luci,
799 3296 920 3364 uenisti
941 3316 1002 3362 nec
1023 3296 1084 3362 tibi
1106 3297 1233 3363 natales
1255 3315 1294 3362 ac

124 3429 167 3476 ne
188 3408 333 3494 dignitas
355 3409 495 3494 quidem,
519 3409 572 3474 uel
600 3409 672 3494 ipsa
693 3428 760 3493 qua
779 3406 875 3473 florea
898 3426 1033 3489 usquam
1056 3405 1202 3472 doctrina
1223 3428 1295 3492 pro-

123 3520 184 3586 fuit
218 3519 276 3585 sed
305 3519 429 3584 lubrico
451 3519 587 3586 uirentis
609 3519 774 3584 aetatulae
794 3516 838 3582 ad
860 3517 996 3584 seruiles
1019 3515 1173 3601 delapsus
1206 3519 1296 3583 uolu-

31 3596 106 3730 [2633
124 3634 232 3714 ptates
264 3628 459 3696 curiositatis
481 3629 692 3713 improsperae
712 3628 878 3695 sinistrum
906 3627 1085 3712 praemium
1113 3629 1296 3712 reportasti.

127 3739 186 3807 sed
208 3746 380 3823 utcumque
400 3739 548 3805 fortunae
569 3738 711 3805 caecitas
732 3736 809 3802 dum
831 3745 863 3804 te
884 3738 1037 3821 pessimis
1059 3737 1211 3822 periculis
1233 3738 1298 3804 dis·

124 3849 256 3932 cruciat,
288 3847 331 3914 ad
368 3849 553 3932 religiosam
574 3849 672 3915 istam
700 3847 927 3913 habitudinem
950 3846 1125 3933 inprouida
1146 3846 1299 3933 produxit

124 3960 260 4026 malitia.
297 3965 351 4026 eat
372 3978 458 4024 nuno
479 3965 511 4025 et
533 3977 657 4026 summo
679 3957 787 4022 furore
808 3957 935 4024 saeuiat
958 3964 989 4024 et
1011 3956 1192 4025 crudelitati
1214 3976 1296 4024 suae

191 4217 207 4267 3
224 4211 364 4268 rotundat
381 4212 406 4263 F
484 4213 500 4264 6
519 4209 892 4302 οῡραωιιαητερορυίιιαάά.
911 4226 1008 4265 manus
1023 4209 1128 4266 saccali
1144 4210 1235 4280 quinti
1251 4209 1297 4264 dc-

124 4308 189 4363 cr'mr'
204 4307 234 4361 ia
251 4306 285 4373 F,
301 4322 353 4361 om.
371 4324 391 4373 φ
456 4310 524 4374 post
539 4302 677 4358 uenerant
694 4303 834 4359 inductam
852 4317 881 4357 re
898 4305 927 4358 ia
944 4304 976 4368 F,
994 4320 1044 4358 om.
1063 4322 1084 4372 φ
1162 4307 1177 4358 8
1194 4315 1296 4374 ymagi-

124 4401 179 4460 n1b;
198 4399 227 4454 F
276 4403 306 4452 13
325 4399 443 4452 sermone
459 4397 552 4465 51¹ch
608 4401 638 4452 16
657 4395 849 4467 quanquamF
893 4400 921 4451 tt
941 4391 1079 4465 lrcrmbllp
1133 4401 1164 4451 19
1182 4392 1297 4466 altthv
