2934 4900
537 236 609 284 111.
632 224 846 284 xxa-xxv·
949 296 951 305 Ι
1196 225 1255 286 131

80 387 255 474 praecipiti
284 387 378 454 ruina
405 396 523 456 memet
549 390 621 472 ipse
651 389 845 474 quaerebam
868 391 1056 474 extinguere
1083 391 1260 458 moriturus

81 498 217 582 quidem
245 497 347 565 nihilo
381 499 488 565 minus
518 499 577 566 sed
606 500 777 568 moriturus
806 501 940 585 integer.
972 501 1114 585 dumque
1136 501 1171 565 in
1192 501 1259 568 ista

82 610 176 676 necis
198 629 291 675 meae
314 609 486 700 decunctor
508 610 673 694 electione,
697 611 853 676 matutino
875 631 927 677 me
948 633 1075 678 rursum
1097 631 1179 696 puer
1199 612 1259 677 ille

81 727 269 804 peremptor
290 741 381 786 meus
404 727 515 786 contra
536 721 654 788 montis
670 727 795 787 suetum
811 720 898 786 ducit
911 721 1096 804 uestigium.
1126 721 1258 806 iamque

50 848 135 896 cmc
166 830 207 896 de
236 831 402 896 cuiusdam
434 831 640 898 uastissimas
675 831 760 898 ilicis
796 850 885 896 ramo
922 831 1063 916 pendulo
1093 831 1257 898 destinato
1320 834 1334 841 ’

82 941 251 1024 paululum
274 941 361 1006 uiam
377 961 605 1026 supergressus
628 942 699 1026 ipse
715 942 818 1008 securi
832 942 955 1024 lignum
971 934 1056 1026 quod
1071 932 1254 1019 deueheret,

81 1051 260 1116 recidebat.
298 1057 329 1116 et
358 1071 431 1117 ecce
460 1051 500 1117 de
526 1053 671 1136 proximo
701 1071 800 1137 specu
828 1059 955 1118 uastum
985 1053 1135 1118 attollens
1158 1058 1256 1137 caput

79 1162 212 1228 funesta
234 1162 394 1247 proserpit
408 1183 493 1227 ursa.
518 1183 614 1246 quam
630 1163 724 1228 simul
740 1163 903 1247 conspexi,
926 1162 1065 1248 pauidus
1088 1150 1255 1247 111111111-

80 1273 151 1336 tina
172 1271 256 1336 facie
278 1271 467 1339 conterritus
489 1279 588 1337 totum
612 1273 755 1356 corporis
786 1273 913 1357 pondus
941 1275 976 1338 in
997 1281 1176 1359 postremos
1199 1293 1256 1357 po-

37 1390 64 1440 to
80 1381 180 1466 plites
202 1383 319 1447 recello
349 1381 514 1466 arduaque
542 1383 666 1449 ceruice
696 1384 875 1450 sublimiter
903 1385 1030 1470 eleuata
1058 1385 1160 1449 lorum
1190 1403 1255 1466 quo

82 1493 219 1559 tenebar
241 1513 353 1577 rumpo
376 1513 490 1578 meque
512 1493 659 1578 protinus
681 1494 806 1580 pernici
828 1495 924 1578 fugae
945 1495 1108 1559 committo
1132 1513 1254 1589 perque

82 1625 187 1687 prona
208 1624 273 1669 non
296 1609 419 1668 tantum
441 1604 578 1689 pedibus
601 1624 713 1670 uerum
736 1604 834 1670 etiam
862 1611 927 1670 toto
955 1605 1096 1689 proiecto
1121 1622 1254 1687 corpore

80 1734 218 1799 propere
241 1713 409 1780 deuolutus
431 1714 567 1780 immitto
589 1735 640 1780 mo
663 1716 785 1800 campis
807 1714 1053 1798 subpetentibus
1074 1721 1113 1780 ot'
1128 1733 1252 1780 summo

83 1825 191 1890 studio
215 1825 341 1908 fugiens
363 1824 537 1890 immanem
552 1845 659 1890 ursam
675 1845 814 1910 ursaque
829 1827 973 1910 peiorem
994 1825 1084 1890 illurn
1106 1844 1252 1911 puerum.

40 1933 64 1981 ¹⁵
168 1939 260 2000 Tunc
282 1935 412 2016 quidam
442 1936 547 2000 uiator
575 1915 753 2002 solitarium
782 1957 965 2021 uagumque
994 1955 1045 2001 me
1078 1936 1256 2020 respiciens
1276 1926 1371 1994 XXV

82 2045 211 2111 inuadit
233 2052 264 2110 et
285 2047 464 2129 properiter
484 2049 667 2112 inscensum
689 2046 804 2113 baculo
833 2047 919 2132 quod
947 2048 1081 2130 gerebat
1102 2046 1255 2110 obucrbe·

82 2177 158 2222 rans
182 2176 241 2241 per
264 2156 426 2240 obliquam
449 2157 660 2240 ignaramque
683 2177 733 2222 me
756 2157 894 2224 ducebat
915 2158 1012 2222 uiam.
1050 2176 1109 2222 nec
1130 2156 1252 2221 inuitus

82 2286 140 2350 ego
176 2267 284 2332 cursui
313 2286 364 2331 me
392 2267 633 2331 commodabam
669 2268 856 2351 relinquens
891 2267 1126 2333 atrocissimam
1155 2265 1254 2330 uirili-

82 2378 156 2444 tatis
187 2377 360 2442 lanienam.
398 2383 536 2443 ceterum
570 2378 677 2462 plagis
709 2399 774 2443 non
803 2397 998 2464 magnopere
1026 2376 1253 2442 commonebar

38 2498 64 2547 to
82 2490 200 2574 quippe
223 2495 393 2553 consuetus
416 2508 456 2553 ex
485 2489 595 2553 forma·
615 2490 742 2554 concidi
770 2490 917 2555 fustibus.
955 2488 1012 2556 sed
1041 2489 1105 2553 illa·
1124 2489 1252 2553 fortuna

82 2600 163 2665 meis
187 2599 316 2664 casibus
338 2599 492 2683 peruicax
514 2606 579 2663 tarn
604 2607 817 2685 opportunum
839 2600 1007 2665 latibulum
1029 2600 1149 2666 misera
1170 2599 1251 2664 cele·

82 2709 177 2773 ritate
200 2701 376 2793 praenersa
404 2728 505 2773 nouas
533 2710 686 2775 instruxit
712 2710 860 2777 insidias.
898 2717 1044 2794 pastores
1079 2710 1164 2774 enim
1186 2709 1252 2773 mei

12 2810 66 2881 [loo]
82 2818 241 2900 perditam
271 2818 333 2884 sibi
361 2818 560 2902 requirentes
588 2822 754 2885 uacculam
781 2821 955 2905 uariasque
983 2820 1132 2903 regiones
1161 2839 1251 2903 pera-

82 2936 212 3009 grantes
246 2936 414 2993 ccourrunt
445 2929 539 2994 nobis
576 2930 702 2993 fortuito
740 2930 913 3013 statimque
941 2950 992 2994 me
1014 2931 1175 3013 cognitum
1198 2948 1251 2993 ca·

40 3033 66 3083 15
83 3038 184 3121 pistro
205 3039 400 3123 prehensum
423 3039 584 3104 attrahere
606 3040 758 3122 gestiunt.
796 3040 854 3105 sed
881 3040 1018 3104 audacia
1040 3038 1153 3104 ualida
1174 3038 1251 3104 resi·

83 3155 169 3214 111111
208 3148 263 3213 1111
294 3148 388 3214 fidem
422 3149 585 3214 hominum
623 3150 781 3233 deumque
814 3150 1033 3216 detestabatur
1063 3144 1159 3234 ‘quid
1198 3168 1251 3213 me

84 3259 218 3343 raptatis
241 3260 421 3325 uiolenter?
445 3260 521 3342 quid
544 3252 737 3325 inuaditis‘l'

161 3363 231 3433 ‘An
253 3376 284 3433 11
308 3390 368 3435 nos
392 3377 564 3435 tractamus
586 3369 777 3451 inuruntur,
813 3371 866 3455 qui
888 3378 1032 3455 nostrum
1055 3371 1182 3438 asinum
1205 3370 1251 3434 fu·

83 3488 169 3567 ratus
193 3479 350 3546 abducis?
373 3480 450 3564 quin
472 3482 579 3564 potius
602 3482 710 3547 effaris
733 3482 789 3546 ubi
810 3501 944 3565 puerum
966 3482 1111 3547 eiusdem
1135 3501 1250 3565 agaso-

39 3588 66 3639 30
82 3610 153 3655 nem
176 3596 324 3655 necatum
348 3590 469 3655 scilicet
491 3584 697 3668 occultaris?'
733 3598 765 3657 et
785 3591 858 3656 ilico
881 3591 1043 3658 detractus
1067 3592 1109 3656 ad
1131 3598 1250 3656 terram

146 3842 288 3913 tqurdem
306 3841 337 3905 F,
356 3842 513 3913 equldemqr
599 3842 698 3897 nrohrlo
716 3843 745 3897 F
821 3805 941 3913 8plerp1t
957 3843 990 3908 F,
1007 3844 1146 3913 prerprtqo
1218 3846 1246 3894 tr

82 3920 187 3990 cbmrtto
213 3941 278 4005 pet
294 3943 325 3988 ut
347 3936 400 3989 aid.
421 3936 568 4008 (primario
592 3938 662 3991 enim
685 3936 824 4008 scrtptara
845 3937 908 4007 fere
926 3941 982 3990 tota
999 3936 1122 4000 cantauit)
1139 3934 1178 3999 F,
1203 3920 1249 3989 cb-

83 4034 160 4085 1111111
179 4034 211 4084 ut
227 4028 283 4083 uid.
301 4029 323 4098 s
405 4033 435 4082 13
453 4035 480 4082 et
497 4048 532 4098 p:
555 4028 635 4083 bodie
657 4046 712 4083 coa
729 4036 869 4102 comparet
886 4030 914 4082 ia
931 4028 960 4082 F
1050 4033 1080 4081 19
1099 4029 1170 4081 lanrc
1188 4066 1193 4077 .
1213 4022 1251 4081 111

575 4110 623 4139 llam

83 4151 108 4208 l'
124 4149 187 4203 odd.
206 4163 302 4201 manas
318 4146 446 4213 secando)
460 4147 492 4213 F,
510 4148 579 4202 lame
597 4188 603 4200 .
621 4154 656 4204 na
673 4168 693 4217 φ
780 4152 812 4202 20
829 4162 874 4202 ma
890 4149 919 4201 in
937 4162 970 4201 ex
986 4146 1073 4201 forma
1092 4147 1203 4218 carpat
1220 4148 1249 4199 ia

81 4256 176 4296 rasura
193 4240 417 4296 mactassecuada
435 4244 442 4301 1
445 4242 576 4351 pqimz'tas
593 4258 639 4295 mr
650 4241 695 4295 ael
711 4256 758 4295 nra
766 4241 855 4310 fuisse
872 4242 999 4306 uidetur),
1018 4242 1116 4294 omittit
1125 4259 1145 4309 φ
1215 4242 1251 4292 28

413 4320 426 4350 ἢ
451 4320 470 4349 1¹1

81 4359 122 4428 an]
140 4376 185 4415 arn
201 4359 246 4429 qu
333 4364 364 4415 29
383 4359 498 4413 efferetis
513 4358 545 4425 F,
563 4358 654 4414 1111111
668 4378 688 4428 φ

1012 4447 1043 4498 9*
