2934 4900
127 218 130 223 ·
205 194 264 257 168
605 200 610 205 ’
687 206 781 253 mum
803 204 879 251 vnn

202 361 289 426 latus
311 365 345 425 et
365 356 408 424 ad
430 356 649 423 credulitatem
666 348 820 441 delapsus
834 356 1009 421 Barbarus
1027 354 1224 439 postliminio
1243 353 1376 419 domum

92 538 96 545 ,
203 489 373 554 regressus
394 456 514 541 'uocato
535 467 697 552 Myrmece
729 468 836 533 soleas
865 466 940 532 illas
971 465 1110 531 offerens
1133 472 1164 529 et
1186 465 1311 545 ignouit
1335 484 1379 530 ex
1456 488 1457 539 3

201 581 310 647 animo
332 580 431 645 etuti
453 578 582 644 domino
604 576 763 654 redderet,
786 575 836 641 cui
859 575 1065 660 surripuerat,
1089 567 1207 641 suasit?

85 681 182 747 XXII
287 690 456 755 Hactenus.
473 688 578 754 adhuc
600 688 729 753 anicula
750 686 913 771 garriente
941 686 1077 769 suscipit
1098 685 1212 750 mulier
1231 678 1377 752 ‘beatam

202 803 292 867 illam
314 819 398 885 quae
418 805 484 863 tam
506 799 683 865 constantis
705 796 828 865 sodalis
850 796 999 863 libertate
1020 796 1150 861 fruitur!
1179 802 1213 861 at
1235 814 1296 879 ego
1319 796 1411 863 mis

203 912 286 977 sella
321 911 425 975 molae
453 909 551 975 etiam
573 928 686 973 sonum
715 916 749 973 et
782 926 856 973 ecce
878 907 965 973 illius
989 906 1127 975 scabiosi
1150 906 1235 971 asini
1256 906 1377 989 faciem

202 1022 366 1087 timentem
388 1019 580 1085 familiarem
602 1010 721 1084 incidi?

287 1130 338 1195 Ad
361 1130 440 1194 haec
463 1149 546 1195 anus
565 1122 643 1195 ‘iam
665 1128 724 1192 tibi
747 1146 806 1211 ego
828 1126 929 1210 probe
952 1147 1083 1193 suasum
1106 1135 1138 1192 et
1152 1126 1378 1192 confirmatum
1426 1133 1429 1143 ’

201 1242 303 1306 animi
330 1245 508 1305 amatorem
540 1238 632 1305 illum'
664 1238 805 1303 alacrem
833 1236 1020 1302 uadimonia
1043 1232 1164 1303 sistam'
1188 1242 1221 1303 et
1242 1237 1378 1322 insuper

203 1351 350 1417 condicta
371 1349 557 1434 uespertina
578 1348 783 1432 regressione
804 1347 950 1412 cubiculo
972 1348 1112 1415 lacessit.
1395 1350 1424 1398 10
1458 1336 1459 1383 l

282 1463 331 1525 nt
352 1459 470 1545 pudica
491 1481 571 1524 uxor
593 1458 701 1524 statim
723 1477 821 1524 cenas
844 1458 979 1525 saliares
1002 1464 1182 1540 comparat,
1205 1457 1283 1522 uina
1306 1477 1378 1541 pre-

202 1573 287 1637 tiosa
309 1571 472 1651 defaecant,
496 1570 661 1654 pulmenta
683 1568 826 1633 recentia
847 1569 979 1633 tuccetis
1001 1575 1158 1651 temperat
1179 1588 1293 1635 mensa
1316 1570 1378 1633 lar-

201 1682 286 1765 giter
308 1682 472 1747 instructa.
517 1680 657 1763 denique
678 1686 714 1743 ut
736 1678 788 1743 dei
811 1677 978 1745 cuiusdam
1000 1676 1176 1760 aduentuS,
1210 1678 1256 1748 sie
1278 1698 1378 1765 expe·

202 1798 306 1857 otatur
327 1790 475 1857 adulteri.
505 1810 581 1854 nam
602 1795 635 1854 et
656 1795 836 1873 opportune
864 1789 998 1855 maritus
1030 1789 1108 1855 loris
1130 1788 1219 1874 apud
1241 1808 1377 1854 naccam
1459 1804 1460 1817 ¹

202 1902 382 1986 proximum
405 1900 577 1967 cenitabat.
622 1919 698 1982 ergo
727 1899 826 1983 igitur
847 1899 983 1964 meridIe
1011 1898 1248 1985 propinquante
1269 1898 1378 1964 helcio
1397 1904 1423 1953 15

204 2012 335 2078 tandem
359 2010 525 2085 absolutus
548 2009 743 2091 refectuique
759 2028 871 2075 secure
893 2009 1037 2074 redditus
1052 2029 1115 2075 non
1138 2016 1204 2074 tam
1219 2009 1378 2075 Hercules

200 2123 323 2188 laboris
356 2122 536 2187 libertatem
564 2120 753 2203 gratulabar
785 2114 882 2203 quam
911 2118 996 2202 quod
1024 2119 1176 2185 reuelatis
1198 2120 1400 2198 luminibus,

201 2232 284 2299 liber
305 2232 403 2297 etiam
426 2237 556 2296 cunctas
578 2229 782 2295 facinorosae
811 2229 955 2295 mulieris
978 2236 1063 2295 artes
1091 2237 1299 2314 prospectare
1323 2250 1378 2315 po·
1460 2270 1461 2275 κ

202 2348 314 2408 teram.
339 2342 388 2408 sol
409 2340 516 2423 ipsum
539 2338 669 2423 quidem
691 2340 844 2424 delapsus
869 2338 1031 2406 Oceanum
1055 2340 1262 2407 subterrenas
1285 2342 1377 2407 orbis

202 2454 318 2537 plagas
340 2451 554 2516 inluminabat
576 2456 607 2514 et
629 2470 703 2516 ecce
724 2430 1046 2534 nequissimae‘anus
1074 2451 1257 2518 adhaerens
1279 2453 1377 2518 lateri
1393 2462 1423 2511 no

202 2562 391 2628 temerarius
420 2561 560 2653 adulterX
574 2560 728 2626 aduentat
764 2579 844 2662 puer
870 2560 1043 2628 admodum
1066 2568 1098 2626 et
1118 2561 1224 2626 adbuc
1252 2563 1379 2628 lubrico

201 2691 357 2754 genarum
381 2671 553 2756 splendore
564 2670 770 2756 conspicuus,‹
791 2670 896 2736 adhuc
918 2671 1082 2737 adulteros
1103 2671 1175 2756 ipse
1197 2671 1377 2740 delectans.

203 2780 288 2846 hunc
321 2782 430 2848 multis
467 2780 640 2846 admodum
676 2781 779 2847 sauiis
813 2787 981 2866 exceptum
1009 2783 1124 2848 mulier
1145 2802 1259 2848 cenam
1286 2783 1379 2848 iubet
1461 2779 1462 2820 ³

64 2888 178 2953 XXIII
201 2898 348 2976 paratam
371 2892 573 2958 adcumbere.
618 2890 676 2957 sed
698 2898 733 2956 ut
760 2891 898 2974 primum
922 2879 1134 2986 occursoriam
1156 2893 1323 2976 potionem
1347 2902 1378 2958 et

200 3001 384 3067 inchoatum
406 3009 535 3086 gustum
551 3001 702 3067 extremis
716 3001 814 3067 labiis
829 3003 1036 3098 contingebat
1050 2989 1251 3084 adulescens
1274 3005 1378 3070 multo
1393 3018 1421 3066 25

199 3113 338 3178 celerius
358 3113 509 3196 opinione
531 3111 659 3203 rediens
681 3112 817 3177 maritus
840 3111 1003 3178 aduentat.
1044 3118 1119 3178 tunc
1141 3133 1222 3186 uxor,
1242 3115 1378 3198 egregia

200 3221 288 3287 diras
310 3220 500 3288 deuotiones
521 3222 556 3287 in
578 3241 650 3287 enm
674 3221 849 3306 deprecata
871 3228 903 3286 et
924 3241 1052 3286 crurum
1075 3222 1144 3288 eius
1166 3223 1304 3306 fragium
1322 3225 1378 3290 ab·

199 3332 358 3413 ominata,
402 3331 560 3416 exsangui
603 3331 773 3398 lormidIne
810 3330 1026 3416 trepidantem
1061 3332 1241 3400 adulterum
1279 3335 1376 3400 alueo

98 3524 100 3531 ¹
199 3442 324 3524 ligneo,
364 3461 426 3525 quo
454 3442 614 3507 frumenta
643 3443 777 3508 confusa
804 3444 936 3528 purgari
965 3452 1215 3522 consueuerant,
1231 3452 1376 3510 'temere

199 3558 331 3636 propter
352 3551 470 3617 iacenti
493 3552 694 3637 suppositum
715 3553 886 3620 abscondit
907 3553 1116 3638 ingenitaque
1137 3555 1258 3620 astutia
1280 3554 1377 3622 dissi·
1392 3559 1422 3609 30

200 3663 322 3726 mulato
351 3668 439 3727 tanto
468 3661 590 3746 flagitio
620 3641 818 3746 intrepidum
854 3665 988 3728 mentita
1009 3665 1130 3754 uultum
1165 3671 1377 3748 percontatur

201 3771 242 3836 de
271 3773 386 3837 marito
414 3793 470 3837 cur
505 3773 614 3857 utique
650 3773 890 3840 contubernalis
918 3774 1072 3840 artissimi
1101 3773 1230 3840 deserta
1258 3778 1377 3841 cenula

267 4054 285 4102 4
301 4050 397 4118 Aetam
415 4050 443 4103 F
507 4054 523 4103 9
540 4045 696 4104 uadimonrr'r
706 4049 752 4116 10¹,
771 4011 928 4120 uadimonrd
950 4072 970 4122 φ
1059 4056 1088 4105 ll
1106 4052 1233 4106 reuelatrl
1248 4053 1306 4122 sp.-
1332 4067 1376 4106 re-

200 4141 295 4196 uslaal
310 4143 339 4197 F
404 4147 451 4198 ,23
469 4142 595 4213 labnlf,
620 4143 755 4212 mannia
847 4150 877 4198 27
898 4145 1085 4214 crurifragium
1109 4146 1223 4200 cenarit
1242 4143 1376 4200 Heinsius

201 4239 233 4288 28
251 4235 326 4290 albeo
345 4237 398 4305 Fa*
417 4237 505 4305 (qualo
524 4235 570 4290 ael
585 4252 675 4292 nanno
693 4237 773 4306 iligna
802 4239 846 4293 uel
867 4239 962 4308 iligneo
982 4237 1252 4304 conterebratam)
1342 4243 1377 4294 29

201 4329 312 4382 contusa
329 4330 443 4384 coniecti
467 4327 591 4384 Wassr'as
