2934 4900
512 264 586 312 eac.
608 264 747 311 xu-xv
1169 255 1209 316 65

39 437 94 484 nec
132 415 188 482 ille
222 422 288 481 tarn
322 417 428 482 clarus
461 422 590 499 tamque
630 416 820 502 splendidus
857 418 1006 502 publicae
1037 421 1214 506 uoluptatis
1235 420 1329 486 XIIII

39 533 213 612 apparatus
234 525 383 591 Inuidiae
404 527 518 593 noxios
541 527 653 610 effugit
674 528 793 593 oculos.
831 548 907 593 nam
930 527 1056 594 diutina
1076 533 1210 616 captiui-

40 645 99 702 late
115 636 273 721 fatigatae
289 637 384 703 simul
407 643 438 704 et
460 638 586 703 aestiua
601 636 775 721 flagrantia
787 645 978 722 maceratae,
1001 641 1096 726 pigra
1112 643 1210 733 etiarn

17 743 183 814 laessionc
215 748 392 831 languidae
420 748 588 833 repentina
621 754 787 832 correptae
812 750 998 833 pestilentia
1029 771 1135 835 paene
1167 751 1210 818 ad

17 859 158 923 inullum
179 857 328 924 rediuere
349 877 526 924 numerum.
564 857 687 943 passim
717 877 774 941 per
802 859 929 943 plateas
958 861 1114 945 plurimas
1143 882 1209 928 cer·
1298 870 1300 875 '

39 989 127 1034 neres
159 970 267 1034 facere
300 969 529 1036 semiuiuorum
562 986 730 1052 corporum
767 969 873 1034 ferina
903 971 1086 1056 naufragia.
1133 980 1208 1038 tunc

40 1081 149 1162 uulgus
179 1079 323 1161 ignobile
353 1099 433 1162 quos
461 1079 582 1144 inculta
611 1079 785 1163 pauperies
814 1080 884 1145 sine
912 1079 1036 1146 delectu
1064 1083 1207 1149 ciborum

41 1195 165 1254 tenuato
195 1190 300 1256 uentri
322 1190 406 1272 cogit
436 1189 599 1256 sordentia
622 1190 848 1274 supplementa
870 1197 902 1256 et
924 1189 1026 1276 dapes
1047 1194 1207 1276 gratuitas

41 1300 237 1383 conquirere,
271 1284 393 1384 passim
417 1301 560 1366 iacentes
583 1302 697 1384 epulas
718 1306 897 1365 accurrunt.
934 1307 1010 1367 tunc
1032 1322 1050 1368 e
1072 1311 1208 1370 renata

17 1417 26 1466 l
41 1411 150 1493 suptile
167 1411 336 1476 consilium
344 1431 412 1494 ego
436 1410 543 1476 eliste
564 1410 698 1476 baculus
719 1411 784 1476 tale
799 1412 1076 1477 comminiscimur.
1108 1434 1207 1480 unam

41 1541 114 1602 quae
137 1521 255 1587 ceteris
278 1521 406 1588 sarcina
428 1521 571 1606 corporis
594 1521 804 1604 praeualebat
826 1521 919 1605 quasi
941 1523 1012 1587 cibo
1027 1524 1206 1609 parandam

42 1639 200 1714 portamus
233 1630 275 1696 ad
308 1638 451 1698 nostrum
483 1633 719 1714 receptaculum
750 1630 885 1715 eiusque
918 1633 1018 1717 probe
1049 1634 1206 1700 nudatum

42 1742 184 1807 carnibus
212 1742 332 1806 corium
362 1741 499 1809 seruatis
529 1742 674 1808 sollerter
695 1742 771 1806 totis
800 1742 971 1826 unguibus,
1007 1744 1079 1828 ipso
1108 1746 1205 1810 etiam

41 1852 156 1918 bestiae
171 1851 285 1936 ‘capite
307 1852 350 1917 ad
372 1871 474 1935 usque
489 1852 660 1916 confinium
684 1851 820 1918 ceruleis
842 1852 947 1918 solido
963 1855 1072 1919 relicto
1094 1862 1205 1940 tergus

17 1969 124 2028 somne
152 1981 270 2028 rasura
298 1960 445 2030 studiosa
472 1969 642 2030 tenuamus
665 1969 696 2028 et
717 1955 840 2027 minuto
868 1964 976 2029 cinere
998 1984 1205 2051 perspersum

42 2073 93 2136 soli
125 2072 312 2138 siccandum
346 2072 512 2138 tradimus.
557 2092 594 2138 ae
623 2072 698 2137 dum
729 2073 878 2139 caelestis
907 2074 1038 2158 uaporis
1065 2075 1204 2144 flammis

41 2189 266 2266 ruamurgatur¹
290 2204 350 2249 nos
371 2183 531 2248 interdum
554 2185 662 2268 pulpis
684 2183 756 2249 eius
777 2183 924 2249 ualenter
946 2185 1135 2268 saginantes
1158 2189 1205 2252 sic

40 2291 164 2359 instanti
191 2294 326 2359 militiae
358 2293 560 2378 disponimus
588 2300 823 2360 sacramentum
852 2301 886 2358 ut
914 2315 997 2361 unus
1026 2315 1045 2360 e
1072 2316 1204 2361 numero

41 2410 137 2469 nostro
166 2425 233 2470 non
263 2404 317 2489 qui
345 2406 488 2490 eorporis
518 2403 600 2471 adeo
630 2403 688 2470 sed
716 2403 817 2469 animi
845 2404 958 2471 robore
987 2407 1103 2473 ceteris
1124 2407 1205 2472 anti-

18 2520 129 2580 tstaret
151 2522 249 2599 atque
272 2515 355 2581 isin
378 2516 490 2599 primis
512 2514 712 2581 uoluntarius
735 2517 820 2598 pelle
841 2516 898 2580 illa
921 2523 1084 2583 contectus
1107 2536 1203 2584 ursae

42 2624 151 2691 subiret
188 2626 327 2709 effigiem
356 2622 555 2708 domumque
590 2626 802 2692 Democharis
835 2626 956 2695 inlatus
992 2646 1051 2710 per
1089 2647 1203 2713 oppor-

41 2742 107 2801 tuna
134 2738 237 2803 noctis
275 2737 404 2803 silentia
439 2736 533 2803 nobis
570 2738 687 2802 ianuae
723 2736 835 2802 faciles
871 2743 1050 2819 praestaret
1085 2738 1203 2804 aditus.

42 2865 90 2909 nec
129 2868 251 2931 paucos
294 2847 460 2913 fortissimi
503 2848 630 2930 collegii
672 2848 787 2914 sollers
830 2846 956 2931 species
999 2845 1041 2910 ad
1078 2868 1194 2913 munus
1216 2847 1277 2912 XV

42 2955 210 3022 obeundum
228 2957 406 3022 adrexerat.
440 2977 573 3038 qnorum
596 2976 673 3041 prae
695 2957 811 3022 ceteris
827 2956 1030 3050 Thrasyleon
1051 2956 1199 3022 factionis

18 3070 155 3147 tcptionc
178 3068 321 3134 delectus
344 3067 493 3151 ancipitis
508 3066 677 3137 machinae
701 3066 821 3137 subfuit
843 3067 957 3131 aleam.
991 3066 1120 3149 iamque
1142 3066 1200 3130 ha-

43 3174 88 3239 bili
102 3178 186 3243 corio
209 3186 241 3243 et
263 3178 397 3243 mollitie
419 3178 579 3243 tractabili
601 3178 692 3242 uultu
707 3196 822 3242 sereno
845 3196 918 3243 sese
933 3175 1086 3241 recondit.
1123 3184 1199 3241 tunc

42 3288 117 3351 tenui
143 3288 315 3355 sarcimine
345 3308 486 3354 summas
518 3308 592 3354 oras
620 3288 690 3353 eius
720 3287 940 3371 adaequamus
974 3293 1005 3351 et
1032 3286 1199 3353 iuncturae

43 3432 334 3445 -—-...-...‚...--.-.-.

100 3479 254 3587 3flagrrlclt1a
272 3518 300 3571 F
384 3520 413 3568 lc
430 3515 544 3569 baculus
562 3515 662 3584 scripsi
667 3534 676 3564 .-
700 3514 831 3567 latrorum
855 3515 925 3566 enlm
944 3511 994 3583 qai
1017 3511 1084 3567 boec
1102 3517 1200 3566 namot

40 3608 113 3663 sobrm
131 3611 199 3666 illud
208 3610 351 3666 consitium
369 3609 541 3679 excoqftassc
556 3611 673 3677 apparet
690 3622 728 3660 cx
745 3608 785 3659 ets
802 3622 873 3675 qrtac
890 3613 1027 3671 secarctur,
1044 3623 1105 3661 cam
1114 3623 1198 3677 prcc-

40 3702 118 3755 sertr'm
132 3702 298 3774 Thrasyleon
308 3701 501 3779 adperc'culcm
520 3698 686 3754 subeundam
696 3705 794 3769 postca
812 3699 918 3752 demam
932 3697 1074 3769 ‘factionis
1088 3701 1198 3770 optione

41 3790 151 3848 delectus'
158 3798 195 3849 sit
202 3800 246 3862 (a.
257 3797 355 3866 flsq.)
362 3814 371 3847 .·
380 3794 494 3848 babulul
503 3794 555 3862 Fur,
566 3792 681 3846 bubalus
691 3793 805 3846 corciccr't
813 3791 929 3849 Calcare,
940 3793 1070 3846 bardulus
1082 3791 1197 3846 Beroal-

42 3882 216 3947 (brababurus
229 3889 389 3960 Sopfaqtlra
407 3887 532 3941 balbulus
542 3886 588 3939 ccl
594 3884 719 3939 balbillus
731 3884 940 3956 Oudendorpr'as
1003 3892 1030 3939 ll
1050 3885 1198 3952 relualebat

42 3974 71 4043 Fa
139 3986 169 4035 13
187 3982 348 4050 frindgulb;
366 3980 519 4035 caecando
537 3995 618 4032 manu
630 3979 658 4032 ia
674 3994 727 4031 ras.
739 3979 869 4049 saraptam
887 3979 952 4041 (ald.
969 3979 1057 4048 surbac
1069 3979 1109 4041 In)
1129 3977 1196 4040 faF,

42 4090 128 4162 inguim
147 4120 175 4169 p,
194 4062 217 4155 I.
235 4100 344 4171 ungurb3
363 4098 424 4153 cdd.
436 4114 522 4169 marp.
542 4118 561 4166 p
633 4102 662 4151 ll
682 4104 846 4165 examurgat3
865 4096 925 4160 (boe
942 4104 982 4153 est
998 4102 1196 4164 examnrgatusl

43 4209 72 4277 Fr
139 4223 170 4273 ro
188 4218 231 4271 ur
247 4219 275 4272 F
356 4223 386 4271 21
406 4217 511 4287 rmcf
589 4220 620 4269 m
639 4177 710 4270 nim
726 4215 754 4268 F
826 4219 859 4268 ar
877 4212 1029 4269 ocerannus
1047 4216 1075 4269 n
1122 4216 1196 4268 turs-

43 4302 109 4360 lrlsorr
126 4310 152 4362 F
214 4315 247 4365 26
266 4326 337 4364 como
356 4340 365 4361 a
384 4308 448 4373 (uid.
467 4309 555 4379 furiare
571 4318 598 4377 pl
615 4308 646 4373 F,
666 4325 738 4363 corro
758 4330 777 4377 p
847 4313 878 4361 27
896 4310 983 4363 tenurf
995 4324 1121 4362 arcrmme
1140 4309 1198 4372 (sed

40 4405 121 4462 postea
137 4406 235 4458 rectius
253 4402 389 4467 catinae)
408 4403 451 4472 ab
727 4476 730 4481 .

82 4494 194 4538 lrvuurrs
975 4491 990 4537 5
