2934 4900
502 240 575 290 car.
598 240 870 289 xxxv-xxxvrn
913 262 917 273 ι
1164 278 1165 281 ,
1202 230 1260 289 177

86 400 123 457 et
147 392 230 477 ipsis
244 391 370 475 legibus
385 392 542 459 mandare
557 392 760 478 proclamans
776 412 873 459 canes
896 395 1086 478 pastoricios
1101 395 1261 463 uillaticos

85 503 181 568 feros
213 509 310 586 atque
343 503 501 569 immanes
535 501 701 572 adsuetos·
715 502 842 568 abiecta
870 522 928 588 per
956 524 1052 589 agros
1074 505 1192 571 esitare
1214 524 1263 571 ca-

88 612 227 692 dauera,
250 619 419 697 praetcrea
441 596 537 680 ctiam
558 613 792 679 transeuntium
814 614 983 692 uiatorem,
997 615 1130 682 lasciuis
1152 614 1262 682 morsi-

89 723 156 788 bus
185 723 376 805 alumnatos‚
400 724 505 789 laxari
532 731 629 807 atquc
656 724 690 789 in
714 744 823 789 eorum
845 724 978 789 exitium
1006 725 1184 791 inhortatos
1207 726 1263 791 im-

51 845 69 891 s
88 834 179 898 mitti
200 833 374 917 praecepit.
408 835 464 915 qui
486 834 581 899 simul
603 834 696 917 signo
719 835 813 901 solito
836 842 1000 919 pastorum
1021 836 1146 903 incensi
1168 843 1263 920 atque

88 942 285 1009 inflammati
301 950 384 1025 sunt,
407 944 529 1009 furiosa
544 944 634 1009 rabie
649 944 764 1009 conciti
779 952 812 1010 et
825 945 995 1014 latratibus
1012 946 1107 1011 etiam
1130 946 1263 1013 absonis

88 1052 266 1119 horribiles
292 1061 370 1119 eunt
398 1054 432 1118 in
460 1054 606 1119 homines
635 1073 754 1138 eosque
782 1055 882 1121 uariis
905 1054 1054 1141 adgressi
1076 1055 1263 1121 uulneribus

89 1162 278 1229 distrahunt
300 1182 338 1227 ac
360 1164 504 1229 lacerant
532 1183 591 1230 nec
620 1164 818 1247 fugientibus
840 1166 954 1232 saltem
976 1172 1182 1250 compescunt
1205 1165 1268 1232 sed·

91 1294 134 1339 eo
157 1273 266 1356 magis!
276 1274 473 1340 irritatiores
490 1281 651 1341 secuntur.
694 1282 770 1339 tunc
785 1276 868 1340 inter
883 1275 1058 1343 confertam
1078 1275 1226 1361 trepidae
1248 1270 1413 1341 XXXVII

40 1401 73 1449 rc
91 1382 308 1449 multitudinis
331 1391 470 1467 stragem
499 1404 517 1449 e
545 1385 647 1450 trihus
675 1385 782 1449 iunior
809 1385 931 1451 offenso
961 1386 1070 1471 lapide
1092 1392 1188 1470 atque
1210 1385 1268 1450 ob·

91 1494 203 1559 tunsis
226 1492 337 1586 digitis
358 1481 463 1560 terrae
484 1495 698 1578 prosternitur
721 1495 894 1579 saeuisque
916 1496 1036 1562 illisae
1058 1495 1265 1562 ferocissimis

93 1604 233 1669 canibus
255 1604 383 1669 instruit
405 1604 562 1669 nefariam
584 1604 711 1688 dapem.
755 1607 901 1689 protinus
930 1606 1015 1671 enim
1038 1606 1147 1671 nancti
1175 1625 1266 1690 prae·

95 1714 173 1779 dam
196 1715 355 1781 iacentem
370 1714 522 1779 miserum
537 1716 627 1779 illum
642 1714 880 1782 adulescentem
896 1717 1055 1784 frustatim
1071 1714 1265 1800 discerpunt.

94 1834 194 1908 atque
216 1832 251 1889 ut
272 1826 342 1891 eius
363 1802 494 1890 letalem
516 1826 672 1890 ululatum
694 1844 873 1907 cognouere
895 1827 992 1892 ceteri
1013 1829 1137 1908 fratres,
1160 1844 1267 1890 accur-

44 1954 74 2001 ro
95 1944 172 2001 runt
193 1935 308 2001 maesti
331 1936 497 2019 suppetias
520 1935 745 2019 obuolutisque
773 1936 892 2001 lacinia
920 1936 1022 2002 laeuis
1052 1936 1201 2001 manibus
1223 1936 1267 2001 la-

94 2045 211 2129 pidum
238 2044 359 2111 crebris
387 2045 525 2112 iactibus
554 2066 758 2131 propugnare
781 2047 871 2111 fratri
900 2054 995 2129 atque
1017 2046 1148 2129 abigere
1171 2066 1268 2113 canes

93 2154 341 2238 adgrediuntur.
386 2174 445 2219 nec
478 2163 586 2221 tamen
621 2176 730 2221 eorum
763 2156 914 2221 ferociam
943 2158 995 2222 uel
1024 2163 1187 2221 conterere
1217 2157 1270 2221 uel

97 2284 289 2349 expugnare
317 2270 450 2347 potuere
484 2265 603 2350 quippe
624 2284 695 2330 curn
724 2266 921 2333 miserrimus
944 2266 1136 2332 adulescens
1157 2266 1271 2331 ultima

99 2394 181 2440 uoce
202 2377 329 2462 prolata
350 2376 553 2441 uindicarent
575 2375 615 2440 de
644 2376 858 2461 pollutissimo
880 2376 980 2441 diuite
999 2384 1139 2450 *mortem
1162 2364 1270 2443 fratris

44 2507 78 2556 ro
97 2486 236 2552 iunioris
258 2488 332 2552 ilico
354 2487 495 2553 laniatus
517 2488 691 2553 interisset.
735 2495 811 2553 tunc
839 2487 952 2571 reliqui
974 2487 1089 2552 fratres
1107 2508 1176 2560 non
1204 2493 1270 2553 tam

98 2597 257 2662 Hercules
281 2596 455 2681 desperata
477 2616 571 2678 quam
595 2598 677 2662 ultro
699 2599 848 2680 neglecta
871 2596 928 2663 su'a
950 2599 1054 2663 salute
1077 2597 1272 2662 contendunt

98 2706 145 2771 ad
168 2699 300 2771 diuitem
321 2714 418 2791 atquc
440 2706 628 2772 ardentibus
650 2707 767 2773 animis
789 2708 974 2792 impetuque
991 2727 1134 2772 uaesano
1156 2707 1273 2790 lapidi·

99 2819 163 2882 bus
186 2817 306 2883 crebris
328 2818 363 2883 in
385 2837 458 2881 enm
481 2817 664 2881 uelitantur.
709 2829 743 2880 at
764 2817 818 2882 illc
841 2824 989 2882 cruentus
1012 2823 1044 2881 et
1067 2817 1175 2882 multis
1198 2826 1272 2882 ante

99 2927 236 3009 flagitiis
260 2927 418 2993 similibus
442 2926 634 2991 exercitatus
657 2945 827 3008 percussor
854 2927 973 2992 iniecta
1001 2927 1116 2990 lancea
1138 2926 1271 2991 duorum

48 3061 79 3109 25
104 3038 242 3101 alterum
265 3057 323 3120 per
344 3044 455 3120 pectus
478 3036 620 3109 medium
634 3035 845 3119 transadegit.
880 3055 939 3101 nec
954 3043 1062 3100 tamen
1085 3043 1271 3120 peremptus

103 3167 143 3210 ac
166 3166 312 3230 prorsum
334 3147 538 3212 exanimatus
560 3146 753 3212 adulescens
783 3147 838 3210 ille
871 3152 977 3210 terrae
1004 3145 1152 3210 concidit.
1198 3166 1271 3210 nam

103 3257 204 3321 telum
226 3263 443 3322 transuectum
465 3263 562 3340 atque
596 3275 636 3321 cx
668 3257 810 3321 maxima
838 3262 929 3340 parte
958 3275 1042 3339 pone
1064 3262 1188 3338 tergum
1210 3257 1273 3322 ela-

103 3387 201 3451 psum
213 3368 346 3450 soloque
358 3367 449 3434 nisus
471 3368 626 3432 uiolentia
641 3366 780 3432 defixum
796 3367 900 3450 rigore
922 3365 1037 3430 librato
1061 3365 1274 3450 suspenderat

18 3484 84 3557 [235]
105 3497 233 3560 eorpus.
266 3475 324 3542 sed
346 3484 377 3543 et
399 3477 530 3558 quidam
553 3476 593 3542 de
617 3478 754 3543 seruulis
780 3496 931 3561 procerus
954 3484 986 3542 et
1007 3476 1135 3542 ualidus
1159 3477 1274 3542 sicario

54 3615 86 3663 30
106 3587 156 3652 illi
178 3588 285 3653 ferens
307 3587 461 3652 auxilium
484 3587 594 3672 lapide
623 3594 766 3652 contorto
795 3587 880 3654 tertii
908 3587 995 3652 illius
1017 3587 1144 3652 iuuenis
1167 3586 1275 3652 dexte-

106 3719 179 3764 rum
201 3697 368 3762 brachium
396 3700 492 3784 longo
521 3699 607 3763 iaetu
634 3698 771 3784 petierat
799 3696 856 3764 sed
884 3697 1004 3781 impetu
1026 3716 1120 3764 casso
1142 3717 1200 3780 per
1224 3717 1275 3762 ex-

108 3816 228 3875 tremes
257 3808 375 3891 digitos
408 3814 630 3875 transcurrens
667 3809 751 3892 lapis
788 3814 898 3872 contra
926 3808 1066 3872 emnium
1089 3807 1273 3891 opinionem

110 3916 276 3984 deciderat
291 3918 450 3984 innoxius.
474 3939 539 3984 non
554 3918 675 3984 nullam
690 3925 797 3986 tamen
814 3917 1022 3998 sagacissimo
1037 3917 1147 3983 iuueni
1162 3937 1232 4002 pro·
1246 3915 1430 3982 XXXVIII

181 4159 196 4207 2
216 4153 326 4209 ellrtare
343 4151 402 4217 (red
417 4158 429 4204 t
445 4152 566 4221 fortusse
589 4158 670 4216 cest)
688 4153 719 4218 F,
739 4153 872 4206 exsiccare
891 4171 910 4220 φ
998 4155 1012 4205 3
1031 4151 1138 4261 lalpciuis
1164 4151 1280 4222 serpsi.-

111 4273 208 4343 palbb3
227 4273 259 4336 F,
286 4271 396 4340 pellicis
415 4273 529 4326 corciccc't
548 4271 656 4327 Colum
750 4233 867 4341 bpchprt
884 4271 913 4326 F
996 4275 1026 4325 lb
1044 4271 1106 4340 prdc
1124 4275 1142 4335 (ι
1169 4271 1197 4324 br
1223 4286 1278 4360 ros.

111 4385 130 4421 o
147 4383 231 4420 roano
247 4368 311 4429 sec.)
331 4363 358 4419 E
445 4369 475 4420 12
491 4371 565 4434 ptem
583 4367 608 4416 F
696 4369 726 4419 13
745 4350 914 4420 adolescente
931 4361 959 4420 F

163 4460 284 4501 Arrenius
1048 4452 1075 4500 12
