2934 4900
527 221 600 269 cnr.
624 222 816 271 xvrn-xxr
983 286 985 291 y
1193 205 1251 271 167

77 374 237 440 tenebras
261 373 324 439 sibi
346 360 540 441 causabatur
561 375 719 442 obsistere
742 376 819 459 quin
834 376 957 441 clauem
972 374 1095 466 curiose
1118 373 1253 464 abscon·

78 483 187 575 ditam
209 485 397 569 repperiret.
425 484 586 550 interdum
607 485 808 551 Philetaerus
831 487 958 569 cognito
981 485 1116 569 strepitu
1138 483 1254 567 raptim

79 596 214 661 tunicas
242 595 379 661 iniectus
409 594 467 661 sed
499 596 596 679 plane
633 615 712 681 prae
749 595 930 661 turbatione
963 594 1100 680 pedibus
1128 594 1254 660 intectis

79 706 245 789 procurrit
265 705 421 771 cubiculo.
444 712 526 771 tunc·
534 701 679 791 Myrmex
691 705 821 771 tandem
837 707 928 771 clane
950 705 1090 789 pessulis
1113 704 1256 771 subiecta
1327 754 1329 759 ,

46 819 62 867 5
81 814 237 901 repandit
257 816 343 882 fores
365 822 396 881 et
417 816 532 900 recipit
559 816 656 883 etiam
685 822 761 883 tunc
794 816 891 882 fidem
913 814 1009 881 deum
1030 815 1180 881 boantem
1202 814 1256 879 do-

85 927 212 1000 minum
236 946 339 1009 eoque
360 946 497 1010 propere
519 926 698 992 cubiculum
713 932 842 1012 petente
857 925 1056 992 clandestino
1070 933 1257 994 transcursu

81 1036 217 1102 dimittit
239 1036 465 1102 Philetaerum.
510 1037 573 1120 qno
595 1036 660 1101 iam
682 1057 741 1121 pro
762 1036 873 1101 limine
895 1036 1030 1102 liberato
1053 1055 1183 1102 securus
1207 1035 1257 1101 sni

81 1148 198 1213 clausa
219 1146 314 1212 domo
336 1160 461 1213 rursum
477 1168 520 1236 ⁴se
542 1146 682 1213 reddidit
705 1147 813 1230 quieti.
1167 1134 1172 1140 ’

172 1247 239 1323 Sed
261 1256 336 1322 dum
358 1257 462 1342 prima
484 1258 554 1323 luce
568 1258 730 1323 Barbarus
753 1256 895 1341 procedit
910 1256 1064 1338 cubiculo,
1087 1254 1176 1320 uidet
1199 1252 1258 1320 sub
1284 1237 1366 1307 XXI

35 1373 64 1422 ¹0
82 1368 204 1432 lectulo
227 1368 332 1433 soleas
361 1367 542 1451 incognitas
571 1368 688 1452 quibus
715 1366 865 1441 inductus
894 1368 1095 1432 Philetaerus
1117 1365 1258 1449 inrepse-

83 1485 135 1543 rat
158 1478 382 1561 suspectisque
405 1495 479 1544 erc
502 1484 579 1543 nata
601 1497 683 1562 quae
705 1485 798 1560 gesta
827 1483 920 1559 sunt,
953 1497 1018 1542 non
1046 1474 1165 1557 uxori‚'
1193 1492 1259 1539 non

87 1589 150 1652 ulli
165 1587 370 1653 familiarium
386 1587 526 1653 cordolio
537 1588 707 1673 patefacto,
730 1587 866 1654 sublatis
889 1587 937 1653 eis
959 1594 992 1652 et
1013 1586 1047 1651 in
1070 1585 1175 1651 sinum
1197 1583 1258 1648 fur-

81 1699 140 1763 tim
159 1698 366 1778 absconditis,
388 1700 477 1765 iusso
498 1698 622 1765 tantum
633 1698 793 1784 Myrmece
814 1717 872 1781 per
893 1716 1065 1779 conserues
1087 1694 1194 1759 uincto
1215 1694 1229 1757 f
1248 1730 1259 1739 -

85 1831 158 1874 rum
181 1828 293 1874 uersus
330 1808 467 1889 adtrahi,
504 1810 619 1875 tacitos
656 1828 764 1875 secum
793 1808 933 1891 mugitus
956 1807 1077 1873 iterans
1110 1803 1259 1889 rapidum

37 1929 65 1976 ¹5
84 1919 198 2002 dirigit
219 1938 376 2002 gressum,
392 1926 497 1986 certus
512 1921 672 1986 solearum
687 1918 806 1984 indicio
818 1918 990 2002 uestigium
1004 1915 1143 1982 adulteri
1165 1932 1260 1998 posse

87 2050 125 2097 se
149 2029 302 2114 perfacile
324 2013 503 2113 indipisci.¹
530 2030 588 2097 sed
617 2048 690 2095 ecce
726 2048 784 2113 per
819 2029 962 2113 plateam
995 2027 1070 2092 dum
1098 2024 1275 2110 Barbarus!

65 2141 178 2212 suultu
199 2138 327 2223 turgido
344 2132 589 2223 'subductisque
625 2118 806 2223 superciliis
829 2138 949 2204 incedit
984 2139 1085 2203 iratus
1108 2154 1145 2200 ae
1178 2114 1262 2219 pone

85 2272 164 2317 eum
185 2250 331 2336 Myrmex
352 2250 492 2317 uinculis
514 2251 646 2316 obrutus
672 2270 737 2315 non
766 2248 896 2333 quidem
925 2268 1031 2313 coram
1059 2264 1163 2312 nonae
1191 2261 1262 2329 pre-

86 2362 222 2442 hensus,
245 2360 442 2426 conscientia
457 2367 565 2448 tamen
587 2360 729 2444 pessima
751 2360 927 2444 permixtus
949 2358 1090 2423 lacrimis
1108 2354 1261 2420 uberibus

37 2484 69 2532 lb
86 2494 124 2538 ac
132 2472 306 2558 postremis
318 2472 603 2537 lamentationibus
614 2471 810 2537 inefficacem
823 2476 1002 2537 commouet
1011 2467 1260 2544 miserationem,

88 2590 272 2670 opportune
305 2581 505 2648 Philetaerus
538 2601 707 2646 occurrens
735 2598 930 2665 quamquam
959 2579 1089 2645 diuerso
1123 2575 1262 2660 quodam

88 2694 222 2778 negotio
245 2692 425 2758 destinatus
446 2692 615 2777 repentina
636 2701 745 2757 tamen
768 2691 849 2755 facie
871 2696 1048 2775 permotus,
1081 2685 1262 2752 nonenim

89 2803 272 2880 deterritus,
306 2803 451 2868 recolens
484 2802 701 2892 festinationis
733 2821 811 2868 suae
834 2800 984 2866 delictum
1007 2805 1041 2863 ut
1063 2802 1169 2862 cetera
1191 2814 1263 2859 con·
1294 2777 1297 2785 ¹

8 2904 72 2972 ²²³]
90 2921 265 2998 sequenter
286 2913 485 2996 suspicatus„
500 2911 659 2994 sagaciter
680 2913 840 2996 extemplo
864 2918 992 2994 sumpta
1019 2906 1169 2978 familiari
1192 2923 1263 2968 con·

42 3028 71 3076 25
90 3026 215 3092 stantia
236 3023 366 3088 dimotis
389 3022 526 3088 seruulis
549 3021 673 3086 inuadit
687 3041 757 3086 cum
775 3014 898 3087 summo
914 3021 1053 3085 clamore
1070 3017 1263 3102 Myrmecem

90 3134 276 3222 pugnisque
291 3133 394 3198 malas
406 3133 476 3198 eius
488 3133 661 3198 clementer
674 3129 855 3197 obtundens
866 3124 912 3196 ‘at
927 3122 965 3196 te'
980 3128 1083 3213 inquit
1095 3121 1264 3208 ‘nequissi-

91 3267 181 3311 mum
193 3252 225 3310 'et
238 3244 400 3328 periurum
416 3250 521 3326 caput,
537 3243 685 3308 dominus
695 3242 836 3308 istetuus
852 3247 884 3306 et
898 3247 1012 3306 cuncta
1026 3238 1107 3306 caeli
1122 3236 1263 3317 numina,

93 3375 181 3440 quae
193 3352 366 3430 deierando
381 3361 500 3418 temere
515 3352 683 3435 denotasti,
691 3353 868 3436 pessimum
877 3348 1191 3435 pessimeperduint!
1211 3346 1266 3430 qui

93 3467 136 3532 de
149 3464 275 3530 balneis
293 3464 399 3530 soleas
420 3463 572 3529 hesterna
589 3463 642 3528 die
660 3461 739 3526 mihi
756 3462 878 3528 furatus
890 3482 941 3527 es:
958 3460 1084 3543 dignus,
1099 3457 1265 3535 Hercules,

44 3582 76 3632 3⁰
94 3576 226 3660 dignus
246 3573 300 3658 qui
323 3582 355 3640 et
376 3573 441 3640 ista
473 3574 603 3638 uincula
631 3573 777 3638 conferas
801 3579 832 3638 et
855 3573 987 3656 insuper·
1010 3569 1145 3636 carceris
1169 3567 1267 3632 ctiam

94 3685 250 3753 tenebras
272 3675 435 3768 perferas?
1464 3761 1465 3768 ἵ

183 3795 251 3860 Huc
266 3793 590 3883 opportunafallacia
605 3794 744 3877 uigorati
759 3793 886 3858 iuuenis
899 3790 1058 3871 inductus,
1075 3789 1172 3852 immo
1189 3786 1262 3852 sub·
1357 3793 1361 3800 ’
1464 3777 1465 3784 '

167 4019 182 4068 2
200 4019 226 4068 ct
237 4018 267 4067 10
277 4018 304 4068 et
314 4017 343 4066 nl
358 4010 580 4080 phrlelrtherufF
644 4005 840 4080 'lphrlelrtherir
850 4009 877 4062 F
944 4012 973 4061 12
992 4008 1031 4063 erl
1045 4006 1077 4060 ed
1086 4005 1119 4075 f:
1138 4021 1157 4058 11
1171 4002 1266 4071 fede

95 4093 168 4163 forst
184 4107 229 4176 op
301 4110 330 4160 13
349 4104 504 4160 nemeen
571 4109 600 4158 rr
617 4104 782 4213 uerruqcrro
801 4103 844 4171 rc
925 4105 954 4155 rs
972 4101 1073 4170 plenta
1091 4129 1100 4152 .
1119 4098 1268 4169 (perperam

96 4243 170 4282 man.
187 4225 316 4295 secanda)
327 4223 556 4333 Rphfflfflgtadd'
575 4225 602 4277 iu
620 4240 706 4294 orcrp.
717 4239 748 4304 c..
759 4222 899 4292 phenfufp
963 4219 1138 4288 lbperuictus
1156 4217 1271 4272 coniecit

97 4345 343 4404 acascomarcos
410 4349 443 4400 26
460 4342 495 4425 ad
505 4341 536 4406 F,
546 4339 609 4410 adp
678 4345 710 4396 32
723 4342 802 4396 immo
821 4356 851 4395 os
861 4340 972 4395 lublitus
985 4338 1098 4392 confecit
1106 4333 1270 4391 Stcrcccbt'us
