2934 4900
146 179 263 258 '16
400 281 404 288 ·
593 255 595 258 ,
742 209 869 256 11111111

120 387 122 392 ’
220 360 438 444 egredientem
466 363 671 428 continuatur
697 362 832 447 Pythias
859 361 1098 446 condiscipulus
1125 358 1212 444 apud
1243 358 1397 424 Athenas

219 472 343 536 Atticas
359 491 458 555 meus,
482 473 537 557 qui
551 493 603 538 me
616 479 690 558 post
703 473 902 557 aliquantum
920 473 1054 538 multum
1074 469 1228 555 temporis
1243 475 1398 534 amanter

220 583 365 666 agnitum
387 582 512 649 inuadit
533 585 767 670 amplexusque
789 603 827 649 ac
848 583 981 648 comiter
1001 581 1207 648 deosculatus
1222 573 1279 644 ‘mi
1293 570 1393 644 Luei'

220 693 266 757 ait
285 687 349 759 ‘sat
370 694 424 778 pol
446 693 507 758 'diu
531 701 581 761 est
609 693 695 779 quod
717 693 937 761 internisimus
959 701 1010 775 te,
1037 699 1072 758 at
1092 691 1248 757 Hercules
1271 688 1396 754 exinde

220 822 291 867 curn
306 823 347 868 ex
368 808 443 887 asty
457 823 478 873 a
493 805 647 888 magistro
670 804 810 888 digressi
831 825 951 872 sumus.
989 786 1196 889 quae'autem
1217 799 1277 865 tihi
1290 790 1429 866 causas

220 914 491 998 peregrinationis
505 911 639 982 huius?³
671 909 827 983 ‘crastino
856 916 907 981 die
929 907 1026 981 soies'
1051 913 1183 997 inquam
1213 906 1286 979 ‘sed
1311 911 1396 994 quid

221 1022 329 1089 istud?
352 1025 419 1090 uoti
433 1024 570 1108 gaudeo.
607 1046 683 1091 nam
706 1033 738 1092 et
752 1027 837 1093 lixas
860 1035 893 1092 et
912 1025 1023 1108 uirgas
1045 1030 1077 1090 et
1097 1023 1243 1088 habitum
1257 1042 1396 1107 prorsus

145 1121 148 1130 ¹
220 1133 423 1217 magistratui
446 1143 672 1220 congruentem
695 1137 728 1203 in
748 1144 782 1203 te
802 1129 924 1203 uideo’
959 1129 1135 1201 ‘annonam
1156 1125 1319 1199 curamus’
1344 1132 1397 1196 ait

218 1235 265 1308 ‘et
285 1243 422 1311 aedilem
444 1247 585 1328 gerimus
601 1253 633 1312 et
655 1246 762 1331 siquid
783 1247 942 1314 obsonare
963 1244 1055 1329 cupis
1077 1244 1188 1328 utique
1207 1242 1397 1308 commoda-

221 1348 350 1422 bimus'
389 1357 587 1423 abnueham:
620 1359 741 1443 quippe
771 1359 826 1442 qui
853 1359 918 1422 iam
946 1374 1047 1422 cenae
1074 1355 1198 1420 affatim
1228 1353 1394 1438 piscatum
1417 1361 1442 1409 1⁰

219 1485 501 1550 prospexeramus.
537 1467 596 1534 sed
625 1469 711 1534 enim
733 1469 869 1552 Pythias
896 1468 970 1534 uisa
998 1467 1142 1552 sportula
1163 1466 1394 1550 succussisque

220 1576 255 1642 iu
277 1583 442 1662 aspectum
464 1579 642 1664 planiorem
665 1579 809 1664 piscibus
833 1571 880 1644 ‘at
902 1579 963 1645 has
986 1577 1177 1663 quisquilias
1199 1578 1312 1661 quanti
1332 1597 1394 1660 pa·

219 1683 336 1755 rasti?
373 1681 455 1755 ‘uix'
494 1690 626 1774 inquam
656 1683 824 1776 ‘piscatori
860 1690 1052 1757 extorsimus
1089 1689 1235 1772 accipere
1270 1687 1393 1771 uiginti

219 1791 394 1866 denarios'
1344 1880 1346 1885 ι

101 1907 192 1972 XXV
237 1947 239 1953 ,
301 1909 371 1988 Quo
387 1909 496 1975 audito
513 1910 619 1976 statim
636 1909 772 1995 adrepto
794 1905 928 1976 dextera
949 1909 1147 1995 postliminio
1168 1909 1269 2000 mein
1284 1908 1392 1973 iorum
1415 1919 1439 1966 15

218 2021 380 2104 cupidinis
403 2020 560 2087 reducens
579 2013 625 2086 ‘et
647 2041 667 2086 a
689 2012 766 2105 quo’
799 2021 903 2106 inquit
921 2013 1067 2086 ‘istorum
1088 2026 1285 2104 nugamenta
1305 2018 1393 2084 haec

218 2123 449 2215 comparasti?’
484 2131 669 2197 demonstro
691 2132 884 2198 seniculum:
913 2131 948 2196 in
970 2131 1089 2214 angulo
1112 2130 1257 2196 sedebat.
1293 2149 1394 2213 quern

218 2241 385 2308 confestim
401 2261 459 2326 pro
482 2241 656 2308 aedilitatis
671 2242 806 2327 imperio
827 2259 906 2307 uoce
921 2241 1100 2324 asperrima
1117 2243 1290 2325 increpans
1309 2235 1393 2306 ‘iam

218 2344 297 2415 iam’
321 2352 424 2434 inquit
442 2347 515 2418 ‘uec
536 2354 651 2419 amicis
673 2353 803 2437 quidem
818 2352 937 2419 nostris
958 2353 1012 2417 uel
1033 2351 1162 2416 omnino
1185 2351 1260 2417 ullis
1281 2350 1395 2435 hospi·
1459 2420 1460 2441 q

217 2463 304 2529 tibus
319 2464 463 2548 parcitis,
486 2462 571 2547 quod
592 2470 659 2529 tam
681 2464 809 2547 maguis
823 2464 938 2549 pretiis
959 2462 1066 2548 pisces
1089 2464 1222 2529 friuolos
1236 2463 1392 2530 indicatis
1412 2479 1439 2527 ao

218 2581 250 2638 et
275 2573 386 2639 florem
407 2575 617 2641 Thessalicae
645 2574 788 2657 regionis
810 2573 853 2638 ad
874 2574 978 2640 instar
1006 2573 1190 2639 solitudinis
1212 2580 1243 2639 et
1265 2576 1393 2659 scopuli

218 2685 360 2750 edulium
389 2686 522 2751 caritate
544 2684 728 2751 deducitis?
766 2683 912 2750 sednon
942 2684 1083 2769 impune.
1119 2684 1184 2749 iam
1206 2684 1291 2749 enirn
1312 2687 1394 2752 taxo

218 2796 302 2862 scias
324 2795 485 2880 quemad
507 2796 637 2862 modum
665 2797 724 2862 sub
747 2815 820 2861 meo
842 2794 1030 2878 magisterio
1057 2795 1135 2859 mali
1157 2794 1277 2861 debent
1301 2815 1394 2863 coer·
1458 2851 1459 2874 ,

217 2899 296 2971 ceri'
332 2912 364 2972 et
385 2907 518 2992 profusa
549 2906 583 2972 in
604 2905 746 2971 medium
768 2906 912 2991 sportula
926 2904 1014 2970 iubet
1035 2905 1205 2970 officialem
1227 2927 1319 2974 suum
1342 2908 1393 2973 in·

217 3037 314 3101 super
341 3018 450 3103 pisces
477 3017 666 3083 inscendere
696 3036 734 3081 ac
762 3015 901 3101 pedibus
929 3015 996 3081 suis
1024 3021 1107 3082 totos
1129 3016 1284 3083 obterere.
1321 3039 1393 3102 qua
1409 3036 1436 3085 rs

217 3134 384 3193 contentus
406 3147 529 3193 morum
551 3127 769 3194 seueritudine
790 3147 881 3193 meus
895 3124 1031 3210 Pythias
1052 3145 1092 3192 ac
1112 3126 1192 3192 mibi
1214 3132 1248 3191 ut
1262 3126 1391 3193 abirem
1411 3134 1454 3199 [111

218 3237 359 3303 suadens
379 3231 510 3303 ‘sufficit
531 3237 610 3303 mihi
632 3258 651 3303 u
673 3229 767 3302 Luci’
800 3237 904 3322 inquit
922 3230 1071 3302 ‘seniculi
1092 3242 1184 3302 tanta
1204 3236 1286 3303 haec
1307 3256 1392 3304 con·
1457 3259 1458 3274 ³

216 3339 373 3412 tumelia'
635 3422 639 3430 ,

301 3457 361 3524 His
388 3457 469 3525 actis
496 3464 719 3525 consternatus
747 3476 787 3522 ac
812 3478 944 3542 prorsus
973 3456 1163 3543 obstupidus
1185 3457 1228 3523 ad
1250 3459 1392 3527 balneas

216 3586 267 3633 me
296 3568 415 3650 refero,
449 3568 617 3653 prudentis
645 3567 857 3652 condiscipuli
885 3566 994 3633 ualido
1023 3568 1157 3634 consilio
1187 3575 1219 3634 et
1246 3573 1391 3639 nummis
1409 3578 1435 3627 3⁰

217 3677 311 3744 simul
326 3678 472 3764 priuatus
495 3685 526 3743 et
540 3697 621 3745 cena
634 3679 807 3763 lautusque
823 3676 864 3743 ad
879 3676 1054 3762 hospitium
1069 3678 1199 3745 Milonis
1214 3698 1252 3743 ac
1268 3677 1391 3749 dehinc

216 3788 396 3854 cubiculum
419 3808 470 3854 me
492 3796 631 3875 reporto,

284 4080 295 4129 1
316 4080 408 4131 etma‘t
425 4078 574 4147 (usupraa
592 4074 655 4130 add.
670 4091 743 4131 mon.
760 4075 903 4141 recentior)
913 4075 957 4143 Fp
1026 4080 1042 4129 5
1060 4090 1093 4129 ex
1110 4074 1391 4146 111111311111σή11ςῶΙ
1455 4099 1456 4106 ¹

214 4169 297 4223 aditio
315 4171 360 4239 Pp
447 4174 478 4225 12
496 4168 531 4223 ad
548 4170 573 4221 F
660 4174 692 4224 14
710 4169 835 4223 denanol
855 4187 890 4237 p:
915 4165 1024 4223 deuenit
1041 4170 1066 4221 F
1169 4173 1198 4222 15
1216 4168 1330 4237 abrepta
1348 4164 1391 4228 ΙΝ,

214 4268 360 4332 arreptae
454 4267 487 4317 20
505 4263 617 4332 peccatis
640 4264 681 4329 1³⁶,
707 4262 795 4332 partit
819 4266 848 4331 φ’
924 4262 1270 4328 1111101111”,1111111111Ἰ
1349 4268 1391 4319 -23

215 4356 350 4410 coherceri
367 4357 396 4420 F,
416 4355 596 4426 cohercerep
683 4359 716 4410 26
733 4356 854 4411 habitem
871 4357 925 4425 Ἐφ’
1026 4360 1059 4411 27
1077 4372 1094 4411 o
1112 4373 1164 4411 om.
1182 4356 1214 4408 F¹
1231 4358 1261 4425 φ’
