2934 4900
538 223 610 270 oar.
632 223 766 269 rur—vr
872 261 881 278 ,
1175 215 1235 278 137
1286 201 1290 208 ’

63 378 174 444 bunda
194 378 339 442 rimatur.
377 375 434 443 sed
461 377 547 459 61161
569 376 776 460 Tlepolemus
797 375 954 451 iaculum,
985 377 1071 460 quod
1091 380 1240 463 gerebat*

62 490 197 574 insuper
220 487 350 554 dorsum
372 485 495 552 bestiae
518 485 679 552 contorsit.
717 492 752 549 at
772 486 965 569 Thrasyllus
994 487 1082 554 16166
1104 487 1235 573 quidem

62 599 207 684 66661611
225 599 288 665 sed
311 598 385 682 equi
408 617 470 681 quo
501 596 679 662 uehebatur
700 596 908 680 Tlepolemus
930 603 1111 681 postremos
1133 601 1235 685 popli·
1330 628 1332 633 ·

63 719 116 776 tes
138 711 252 774 lancea
273 709 393 774 feriens
416 713 570 792 amputat.
607 705 792 792 quadrupes
821 707 985 774 rescideris
1008 729 1073 791 qua
1100 710 1236 794 sanguis

30 847 43 892 5
63 821 232 886 effluxerat
253 825 319 884 toto
341 825 431 902 tergo
455 818 623 903 supinatus
647 817 767 882 inuitus
790 817 955 882 dominum
977 839 1069 884 suum
1092 818 1237 885 deuoluit

62 933 109 996 ad
136 939 265 998 terram.
302 949 361 994 nec
390 929 447 994 diu
469 936 501 994 61
523 948 594 993 eum
628 929 739 994 furens
761 947 840 1013 aper
862 929 987 995 inuadit
1014 929 1173 995 iacentem
1195 949 1235 996 ao

63 1044 167 1127 primo
202 1041 339 1106 lacinias
372 1041 462 1119 eius,
501 1059 574 1104 mox
602 1041 707 1123 ipsum
740 1046 959 1122 resurgentem
1002 1042 1099 1105 multo
1142 1042 1237 1111 dente

62 1152 211 1218 laniauit.
255 1171 315 1218 neo
344 1152 449 1235 coepti
486 1151 601 1215 nefarii
630 1149 749 1214 bouum
783 1149 887 1233 piguit
907 1151 1045 1215 amioum
1072 1154 1125 1216 uel
1158 1172 1237 1218 suae

64 1263 222 1330 saeuitiae
243 1257 369 1328 litatum
394 1262 507 1328 saltem
530 1267 618 1326 tanto
647 1260 790 1345 periculo
819 1279 955 1328 cernens
977 1261 1080 1345 potuit
1102 1264 1236 1348 expleri,

20 1387 45 1436 11
64 1374 123 1439 sed
145 1374 267 1459 percito
289 1379 386 1456 atque
409 1373 546 1456 plagosa
574 1391 668 1436 crura
699 1370 854 1450 [uulnera]
877 1375 1059 1455 contegenti
1081 1395 1236 1458 suumque

63 1486 222 1549 auxilium
245 1483 404 1548 miseritos
419 1483 545 1564 roganti
567 1501 624 1566 661
646 1482 750 1546 femus
765 1481 932 1546 dexterum
948 1482 1070 1550 dimisit
1092 1485 1237 1548 lanceam

63 1601 154 1659 tanto
182 1595 238 1659 ille
267 1594 396 1676 quidem
429 1592 580 1658 fidentius
610 1599 729 1676 quanto
760 1592 906 1658 erederet
933 1594 1009 1659 terri
1038 1596 1174 1659 uulnera
1196 1596 1238 1660 si-

63 1706 155 1770 milia
176 1705 283 1769 lutura
305 1710 453 1788 prosectu
482 1703 635 1767 dentium.
672 1722 819 1767 necnon
849 1711 956 1768 tamen
984 1705 1089 1789 ipsam
1112 1700 1238 1792 quoque

64 1818 203 1882 bestiam
240 1814 327 1878 iaoili
364 1834 461 1878 manu
497 1812 698 1895 transadigit.
743 1813 786 1877 ad
822 1813 907 1878 huno
941 1815 1068 1880 modum
1105 1817 1236 1884 definito
1262 1809 1308 1872 VI

21 1945 45 1991 16
63 1930 183 1992 iuuene
206 1925 303 1990 exciti
325 1925 458 1990 latibulo
481 1943 539 1989 suo
562 1922 697 2006 quisque
719 1924 844 1989 familia
865 1933 989 1995 maesta
1012 1929 1240 1998 concurrimus.

64 2045 97 2104 at
118 2040 175 2104 1116
198 2055 391 2119 quamquam
403 2035 543 2119 66116616
559 2040 643 2116 uoto,
666 2042 826 2119 prostrato
848 2035 978 2101 inimico
1000 2039 1105 2104 laetus
1120 2048 1239 2123 ageret,

63 2152 156 2214 uultu
179 2155 288 2214 tamen
311 2146 464 2230 gaudium
502 2146 581 2228 tegit
611 2151 642 2209 et
675 2146 811 2210 frontem
841 2146 1015 2213 adseuerat
1037 2157 1069 2214 ot
1097 2150 1239 2215 dolorem

67 2261 199 2326 simulat
215 2264 247 2323 61
261 2258 409 2338 cadauer,
433 2256 519 2339 quod
534 2257 604 2340 ipse
621 2256 751 2332 1666161,
767 2256 863 2321 auide
879 2257 1113 2343 circumplexus
1128 2262 1238 2326 omnia

65 2370 195 2456 quidem
219 2367 397 2453 lugentium
427 2367 533 2432 officia
562 2368 707 2433 sollerter
737 2367 863 2432 attinxit
886 2368 945 2433 sed
967 2371 1056 2435 solae
1086 2371 1239 2437 lacrimae

20 2500 47 2550 16
64 2482 242 2568 procedere
271 2481 450 2545 noluerunt.
497 2480 543 2544 sio
572 2478 615 2543 ad
646 2478 749 2543 nostri
777 2481 1041 2561 amaritudinem,
1076 2484 1130 2567 qui
1164 2504 1240 2549 uere

65 2592 334 2672 lamentabamur,
357 2590 573 2654 conformatus
596 2609 711 2656 manus
734 2610 813 2656 suae
835 2592 962 2675 eulpam
985 2593 1108 2658 bestiae
1131 2595 1238 2660 dabat.

151 2702 298 2768 Necdum
321 2702 401 2767 satis
424 2700 544 2766 scelere
573 2705 734 2765 transacto
763 2702 866 2766 Fama
897 2701 1049 2767 dilabitur
1071 2710 1105 2769 et
1126 2724 1238 2772 cursus

64 2816 187 2899 primos
211 2812 253 2877 ad
276 2811 403 2875 domum
420 2809 601 2892 Tlepolemi
616 2809 783 2892 detorquet
798 2818 831 2875 61
845 2805 939 2877 aure's
961 2812 1097 2881 infelicis
1119 2825 1239 2901 nuptae

64 2924 213 3010 percutit.
238 2940 321 3006 quae
344 2920 474 3005 quidem
498 2920 595 2985 simul
622 2920 768 3004 percepit
789 2922 854 2985 tale
886 2924 1150 3009 nuntium-quale
1172 2948 1238 2993 non

23 3032 304 3113 66611161611611,
328 3052 441 3096 amens
464 3036 496 3096 61
518 3029 670 3095 uecordia
690 3031 815 3113 6616116
836 3051 992 3117 cursuque
1013 3035 1170 3101 bacchata
1192 3038 1206 3102 1
1228 3073 1238 3081 -
1281 3023 1286 3031 ’

65 3145 204 3211 ribundo
226 3163 284 3228 661
306 3144 432 3225 plateas
462 3143 637 3226 populosas
661 3147 692 3205 61
713 3160 794 3205 arua
815 3146 971 3209 rurestria
1000 3146 1099 3211 fertur
1121 3148 1239 3213 insana

65 3276 145 3322 uooe
168 3275 279 3320 casum
295 3252 401 3318 mariti
416 3251 583 3334 quiritans.
607 3250 770 3317 confluunt
785 3252 901 3318 ciuium
920 3262 1063 3322 maestae
1078 3265 1238 3342 cateruae,

67 3372 219 3434 secuntur
242 3364 329 3429 obuii
352 3363 462 3427 dolore
485 3362 622 3443 sociato,
653 3362 769 3430 ciuitas
801 3372 916 3430 6611616
948 3374 1104 3432 uacuatur
1133 3369 1240 3435 studio

66 3476 215 3544 uisionis.
253 3482 285 3539 et
315 3492 389 3539 ecoe
422 3472 529 3537 mariti
562 3470 703 3538 cadauer
734 3475 873 3540 accurrit
905 3476 1091 3561 labantique
1124 3479 1239 3563 spiritu

25 3587 50 3637 30
66 3595 167 3653 totam
199 3603 234 3651 se
267 3604 364 3669 super
397 3603 513 3666 corpus
551 3581 662 3647 effudit
698 3602 737 3647 ao
768 3585 966 3668 paenissime
995 3588 1115 3655 ibidem
1143 3611 1237 3674 quam

67 3676 254 3763 deuouerat'
267 3696 297 3761 ei
319 3694 461 3761 reddidit
482 3694 634 3759 animam.
659 3692 718 3759 sed
740 3714 838 3777 aegre
861 3697 1009 3764 manibus
1032 3706 1144 3783 erepta
1165 3722 1239 3766 suo-

66 3870 373 3879 ——--——-

137 3974 708 4048 36666111166116166111666611116
778 3975 1011 4045 lquadrupessr'o
1027 3978 1053 4029 F
1121 3978 1239 4047 atergo]

66 4086 129 4139 ergo
148 4069 192 4137 Fp
278 4069 452 4137 66166161
469 4071 495 4121 F
576 4075 681 4139 866611
700 4086 735 4136 p:
752 4070 865 4123 monuit
882 4070 949 4123 ina
1013 4072 1139 4125 91661116
1161 4071 1241 4125 1116111

67 4166 116 4225 (ita
135 4166 165 4231 φ)
178 4166 293 4233 praeter
317 4163 472 4217 remonuit
495 4164 524 4216 16
541 4164 569 4217 F
653 4164 719 4222 161
738 4165 787 4228 (tta
803 4171 834 4232 61
858 4165 970 4217 cuonem
988 4165 1017 4218 in
1035 4165 1059 4216 F
1125 4164 1240 4218 uulnera

66 4255 233 4327 emancipe
329 4260 359 4310 16
378 4270 531 4325 quanquam
548 4258 576 4311 F
657 4262 690 4311 '20
713 4243 891 4313 amantudrnd
915 4258 963 4317 rita
987 4262 1017 4327 p)
1039 4263 1153 4328 praeter
1177 4247 1248 4311 (11116ς
1351 4255 1354 4260 ’

66 4349 182 4407 euanuit
199 4350 227 4403 16
244 4348 273 4403 F
353 4354 383 4404 21
404 4348 541 4403 6111116161
555 4350 600 4420 Fp
695 4354 727 4405 19
745 4356 863 4405 66661111
880 4371 916 4421 p.-
933 4352 1050 4405 accurlrt
1065 4352 1094 4405 F
