2934 4900
224 183 263 245 32
377 215 379 225 ·
742 200 835 246 amru
857 199 883 245 11

456 283 458 308 .

222 349 307 416 Solis
341 357 372 416 et
400 351 547 418 Iustinae
576 351 670 418 facilc
698 353 899 419 frustrentur.
935 372 1012 417 nam
1042 356 1073 415 et
1101 369 1180 416 aues
1208 358 1241 415 et
1267 371 1398 417 rursum

221 480 317 527 canes
341 467 372 528 et
393 482 515 545 mures,
544 463 641 528 immo
663 483 741 529 uero
764 464 861 529 etiam
883 482 1012 528 muscas
1030 460 1180 534 induunt.
1216 468 1291 525 tunc
1313 461 1398 528 diris

220 572 457 638 cantaminibus
478 593 590 638 somno
612 573 761 640 custodes
781 575 929 639 obruunt.
963 591 1023 638 nec
1045 571 1126 638 satis
1146 571 1319 654 quisquam
1340 571 1400 637 dc·

220 681 314 747 finire
341 683 459 767 poterit
486 691 623 768 quantas
655 685 798 750 latebras
827 684 1047 768 nequissimae
1068 682 1220 747 mulieres
1241 701 1301 766 pro
1323 680 1398 746 libi·

221 791 296 857 dine
331 813 390 858 sua
422 795 714 860 comminiscuntur.
761 813 821 861 nec
851 801 960 860 tamen
991 792 1088 860 huius
1119 800 1185 857 tam
1218 791 1430 858 exitiabilis5

221 922 339 986 operae
364 923 485 970 meroes
507 903 645 990 amplior
667 925 765 990 quam
793 905 942 989 quaterni
964 905 1017 970 uel
1040 904 1112 970 seni
1133 903 1233 968 ferme
1255 902 1397 968 offerun—

220 1019 271 1076 tur
292 1013 392 1080 aurci.
430 1015 524 1080 ehem
547 1022 578 1080 et
600 1015 686 1099 quod
712 1035 818 1099 paene
839 1015 1083 1099 praeterieram,
1117 1012 1202 1097 siqui
1224 1032 1290 1077 non
1312 1012 1398 1076 intc-

217 1144 309 1207 grum
333 1143 448 1210 eorpus
470 1145 566 1192 manc
588 1126 778 1209 restituerit,
809 1123 966 1210 quidquid
986 1124 1062 1190 inde
1084 1122 1270 1208 decerptum
1292 1121 1398 1188 demi-

217 1240 391 1319 nutumque
419 1235 530 1318 luerit,
559 1234 594 1300 id
621 1256 715 1302 omne
744 1235 895 1301 delacio
924 1256 983 1301 sua
1012 1235 1141 1301 desecto
1164 1233 1285 1299 sarcire
1307 1252 1396 1298 com-

215 1340 369 1429 pellitur.'
1131 1382 1138 1393 ,
1415 1359 1441 1406 ro

83 1450 197 1516 XXIII
302 1456 362 1522 His
384 1456 521 1538 cognitis
549 1457 692 1522 animum
721 1477 826 1524 meum
854 1457 1058 1524 conmasculo
1081 1461 1113 1521 et
1132 1454 1207 1520 ilico
1229 1453 1395 1521 accedens

216 1585 407 1650 praeconem
421 1559 586 1632 ‘clamare'
611 1569 744 1652 inquam
756 1561 833 1632 ‘iam
848 1566 972 1633 desIne.
1009 1566 1102 1632 adest
1121 1572 1229 1631 custos
1243 1573 1394 1650 paratus,

216 1675 294 1741 cedo
316 1670 519 1761 praemium'

298 1779 411 1852 ‘Mille'
437 1787 542 1870 inquit
561 1781 738 1853 ‘nummum
754 1787 956 1873 deponentur
976 1787 1045 1853 tibi.
1080 1785 1139 1853 scd
1158 1785 1240 1851 heus
1256 1784 1392 1851 iuuenis

215 1915 294 1962 caue
316 1897 487 1980 diligenter
518 1898 698 1983 principum
726 1891 866 1964 ciuitatis
894 1899 953 1962 filii
982 1896 1123 1963 cadauer
1144 1915 1165 1960 a
1186 1894 1281 1960 malis
1302 1894 1394 1960 Har·
1414 1905 1438 1950 ¹5

179 2047 181 2054 ,
214 2007 301 2092 pins
323 2007 423 2093 probe
446 2001 633 2074 custodias'

297 2110 468 2203 ‘Ineptias'
492 2118 623 2202 inquam
643 2113 735 2185 ‘milri
758 2139 872 2186 narras
895 2127 927 2185 et
947 2139 1051 2202 nugas
1067 2137 1183 2185 meras.
1220 2115 1313 2182 uides
1331 2116 1394 2183 ho·

216 2231 334 2295 minem
356 2230 491 2295 ferreum
514 2239 547 2295 et
567 2231 763 2312 insomnem,
797 2238 882 2296 certe
910 2232 1178 2315 perspicaciorem
1205 2230 1277 2315 ipso
1300 2231 1393 2315 Lyn-

216 2360 272 2406 cco
294 2339 346 2404 uel
368 2343 454 2424 Argo
477 2347 508 2405 ct
530 2341 676 2406 oculeum
697 2336 824 2405 totum’

299 2450 363 2515 Vix
384 2451 530 2517 finieram
553 2458 585 2517 ct
613 2452 686 2517 ilico
707 2472 759 2517 me
786 2452 933 2538 perducit
960 2452 1004 2518 ad
1025 2452 1154 2519 domum
1188 2452 1392 2537 quampiam,
1411 2471 1437 2519 ‘ro

213 2560 304 2626 cuius
325 2561 407 2645 ipsis
428 2562 552 2627 loribus
581 2562 746 2647 obsaeptis
774 2582 832 2647 per
854 2562 1016 2648 quandam
1038 2563 1169 2629 breuem
1192 2563 1392 2647 postIculanr

213 2670 296 2735 intro
319 2678 413 2736 uocat
441 2692 492 2737 me
514 2672 556 2738 ad
579 2674 731 2738 conclaue
754 2672 916 2758 quoddam
938 2674 1098 2740 obseratis
1119 2674 1294 2739 luminibus
1317 2695 1391 2738 um·
1410 2687 1453 2755 [ut

213 2781 358 2864 brosum,
392 2782 588 2850 demonstrat
616 2790 794 2848 matronam
816 2783 955 2849 flebilem
978 2785 1068 2851 fusca
1089 2791 1181 2850 uest-e
1195 2789 1391 2862 conlectam,

212 2912 307 2975 quam
330 2900 461 2977 propter
482 2892 645 2960 adsistens
671 2888 751 2958 ‘hic'
781 2895 886 2976 inquil
908 2890 1106 2961 ‘auctoratus
1134 2893 1176 2959 ad
1204 2891 1392 2959 custodirem

212 3002 317 3067 mariti
339 3004 385 3068 tui
408 3003 543 3069 fidenter
565 2992 726 3071 accessit?
765 3013 799 3070 at
821 3005 878 3069 illa
899 3005 1042 3071 crinibus
1058 3004 1284 3089 antependulIs
1307 3003 1390 3070 hinc
1408 3028 1434 3076 rs

211 3112 286 3177 inde
316 3112 452 3179 demotis
480 3114 576 3179 etiam
605 3116 639 3180 in
670 3135 814 3180 maerore
842 3116 1037 3180 luculentam
1065 3115 1232 3199 proferens
1264 3114 1389 3181 faciem

210 3242 326 3305 meque
337 3230 524 3306 respectans
537 3218 624 3289 ‘uide
638 3218 702 3289 oro'
719 3226 822 3309 inquit
834 3219 943 3310 ‘quam
956 3226 1121 3310 expergite
1132 3245 1248 3289 munus
1261 3219 1388 3291 abeas?

289 3326 384 3398 ‘Sine
407 3352 484 3398 cura
507 3326 564 3401 sis'
594 3335 725 3419 inquam
753 3329 860 3400 ‘modo
889 3336 1090 3401 corollarium
1119 3334 1270 3401 idoneum
1301 3354 1391 3401 com-

210 3434 310 3527 para'
1355 3507 1360 3515 ,

64 3545 190 3612 XXIIII
297 3552 350 3619 Sic
377 3554 495 3639 placito
524 3556 613 3621 ocius
643 3556 782 3623 surrexit
804 3562 835 3620 et
857 3555 899 3620 ad
927 3555 1017 3620 aliud
1046 3574 1096 3620 me
1125 3555 1306 3621 cubiculum
1339 3558 1390 3622 in-

970 3809 1002 3849 cio

298 3867 328 3915 15
359 3863 470 3932 harpyrl
491 3862 519 3915 F
624 3864 653 3913 18
681 3820 812 3930 plpddrord
840 3858 878 3925 F,
901 3844 1025 3928 psprcard
1048 3879 1067 3927 φ
1160 3861 1190 3911 21
1218 3857 1341 3927 obseptrl
1367 3860 1396 3913 F

211 3960 242 4010 22
261 3956 295 4009 a'd
316 3955 539 4065 Hildcdbraadius:
568 3956 591 4006 c
614 3954 658 4023 Fu
748 3958 780 4007 24
798 3969 866 4022 pper
883 3954 914 4018 F,
939 3968 1030 4022 ppeqr
1105 3951 1169 4005 hrnc
1188 3950 1258 4019 F⁴qr
1357 3958 1389 4007 26

210 4074 321 4130 demotrl
337 4076 372 4129 F:
393 4076 471 4143 motrl
488 4095 507 4143 φ
594 4076 624 4126 rt
644 4073 796 4142 respectans
807 4077 874 4143 post
891 4089 961 4127 corr.
980 4072 1046 4125 iaF
1059 4070 1137 4139 (quid
1148 4070 1280 4141 primiras
1293 4071 1391 4141 ficerit

204 4177 323 4257 propter
348 4184 463 4222 rasuras
495 4168 595 4239 dispici
626 4182 680 4220 aaa
707 4171 825 4238 potest),
854 4166 997 4234 relprcrenl
1022 4185 1041 4233 φ
1149 4168 1180 4216 28
1206 4148 1324 4233 cdparal
1357 4168 1390 4231 F,

213 4262 297 4329 copas
313 4281 340 4330 qr,
359 4260 456 4315 delude
473 4261 497 4315 lc
515 4262 559 4329 Fp
579 4264 715 4327 (compara
734 4258 866 4331 Scaliqea
885 4260 920 4313 lic
940 4258 1163 4322 Hildcbraadiuc)
1248 4262 1281 4312 30
1299 4261 1389 4329 corui]

208 4369 270 4408 oc1n
287 4355 319 4421 F,
337 4370 399 4408 ocm
416 4371 487 4409 corr.
506 4355 533 4407 ia
552 4353 660 4422 ocrulqr
