2934 4900
327 268 400 317 cnr,
423 269 668 317 xxxnr—xxxv
687 270 780 317 nrum
801 272 839 318 x1
861 270 935 320 cnr.
957 272 1040 319 1-11
1199 259 1260 319 205

84 417 216 505 sexque
244 421 321 489 totis
351 421 505 507 passuum
533 424 663 490 milibus
694 418 868 508 perniciter
896 423 1048 491 confectis
1077 423 1261 493 Cenchreas

83 529 252 617 peruado,
286 531 372 613 quod
403 533 557 618 oppidum
591 533 682 600 audit
711 533 841 618 quidem
869 534 1092 601 nobilissimae
1115 536 1260 602 coloniae

87 642 377 725 Corinthiensium,
399 644 543 711 adluitur
563 650 670 711 autem
686 644 818 727 Aegaeo
841 652 874 710 et
895 645 1050 711 Saronico
1066 647 1158 711 mari.
1180 646 1261 713 inibi

85 759 205 837 portus
227 753 325 817 etiam
346 754 541 828 tutissimum
562 755 695 820 nauium
717 755 954 840 receptaculum
975 775 1093 840 magno
1116 757 1262 840 trequen-

45 874 64 923 5
87 870 180 930 tatur
200 866 329 948 populo.
352 864 463 931 uitatis
486 885 563 949 ergo
578 866 715 931 turbulis
731 872 763 931 et
779 866 879 931 electo
903 872 1024 932 secreto
1044 867 1137 932 litore
1159 886 1260 951 prope

88 974 185 1057 ipsas
198 973 352 1039 fluctuum
366 976 557 1061 aspergines
572 978 607 1041 in
622 975 761 1060 quodam
777 976 967 1043 mollissimo
982 976 1125 1042 harenae
1140 978 1262 1060 gremio

86 1085 216 1150 lassum
237 1104 353 1171 corpus
374 1093 539 1169 porrectus
561 1086 701 1152 reloueo.
738 1106 814 1150 nam
838 1085 1035 1185 etxultimam
1058 1086 1123 1152 diei
1146 1094 1263 1153 metam

87 1196 285 1261 curriculum
314 1198 394 1264 solis
422 1196 597 1263 deflexerat
627 1203 659 1262 ct
690 1216 870 1281 uespernae
902 1215 954 1261 me
982 1195 1082 1281 quieti
1111 1196 1263 1263 traditum

89 1305 200 1373 dulcis
222 1326 354 1375 somnus
376 1314 592 1393 oppresserat.

501 1589 505 1597 ⁴
546 1597 731 1662 LIBER
766 1597 816 1662 XI

1 1822 71 1885 125⁷]
181 1814 275 1881 Circa
307 1818 445 1901 primam
474 1821 574 1887 terme
603 1818 707 1883 noctis
743 1817 887 1901 uigiliam
917 1824 1122 1901 experrectus
1145 1822 1304 1902 pauorel

92 1927 202 1995 subito
224 1927 318 1993 uideo
340 1930 570 2011 praemicantis
597 1930 694 1994 lunae
716 1926 855 1994 candore
884 1927 984 2011 nimio
1005 1930 1196 2013 completum
1219 1949 1265 1993 or-

93 2041 170 2104 bem
182 2038 383 2104 commodum
394 2038 529 2106 marinis
541 2045 756 2123 emergentem
768 2038 917 2104 fluctibus
929 2042 1128 2123 nanctusque
1144 2058 1265 2124 opacae

92 2151 200 2217 noctis
215 2150 385 2217 silentiosa
400 2156 534 2231 secreta,
544 2157 650 2215 certus
666 2150 763 2215 ctiam
777 2155 968 2215 summatem
981 2149 1075 2214 deam
1087 2150 1265 2234 praecipua

42 2282 73 2331 ¹5
94 2260 270 2329 maiestate
300 2260 424 2346 pollere
451 2279 568 2349 resque
600 2280 732 2344 prorsus
762 2259 921 2327 humanas
943 2260 1046 2344 ipsius
1068 2260 1137 2343 regi
1160 2260 1265 2344 proui-

94 2370 211 2436 dentia
242 2388 301 2435 nee
331 2377 454 2435 tanturn
487 2370 626 2457 pecuina
658 2377 691 2436 et
721 2370 825 2435 ferina
853 2391 964 2436 uerum
995 2370 1141 2435 inanima
1168 2370 1266 2454 etiam

92 2483 207 2547 diuino
230 2482 300 2550 eius
322 2482 453 2549 luminis
475 2482 682 2566 numinisque
702 2488 783 2546 nutu
806 2483 965 2564 negaturi,
988 2482 1060 2566 ipsa
1081 2482 1178 2548 etiarn
1201 2501 1266 2547 cor-

93 2612 178 2678 pora
199 2599 287 2658 terra
301 2594 390 2658 eaelo
407 2593 552 2675 marique
566 2611 652 2657 nuno
665 2591 873 2658 incrementis
889 2599 1122 2676 consequenter
1144 2593 1266 2675 augeri,

92 2723 182 2768 nune
204 2703 407 2769 detrimentis
429 2702 642 2786 obsequenter
664 2701 826 2784 imminui,
860 2703 924 2766 iate
948 2702 1069 2769 seilicet
1097 2703 1162 2767 iam
1185 2703 1266 2770 meis

41 2836 75 2886 m
93 2821 144 2878 tot
164 2814 327 2897 tantisque
342 2811 490 2878 cladibus
513 2813 630 2878 satiato
646 2818 678 2877 et
699 2831 790 2895 spem
813 2811 926 2878 salutis
948 2812 1023 2878 licet
1044 2811 1171 2878 tardam
1194 2813 1266 2878 sub·

93 2924 300 2990 ministrante
322 2928 492 3007 augustum
507 2922 671 3007 specimen
686 2920 768 2987 deae
790 2922 971 3006 praesentis
987 2923 1085 2988 statui
1100 2922 1267 3007 deprecari

95 3034 330 3117 confestimque
358 3033 507 3100 discussa
533 3032 628 3118 pigra
657 3031 765 3114 quiete
787 3033 894 3097 alacer
917 3051 1036 3116 exurge
1059 3052 1174 3118 meque
1195 3053 1268 3118 pro-

93 3145 184 3210 tinus
205 3143 396 3229 purificandi
418 3144 524 3209 studio
548 3142 671 3207 marino
702 3143 833 3207 lauacro
864 3141 957 3207 trado
987 3144 1171 3227 septiesque
1194 3143 1266 3210 sub-

94 3275 204 3321 merso
237 3254 385 3320 fluctibus
422 3253 542 3339 capite,
580 3252 666 3337 quod
698 3271 772 3318 euru
799 3271 965 3317 numerum
993 3254 1166 3337 praecipue
1195 3254 1268 3318 reli·

44 3394 83 3459 25,
96 3365 250 3451 gionibus
278 3365 480 3452 aptissimum
514 3362 645 3429 diuinus
673 3363 728 3428 ille
756 3361 958 3446 Pythagoras
981 3362 1131 3450 prodidit,
1162 3365 1267 3431 laetus

97 3484 129 3544 et
152 3477 260 3541 alacer
282 3475 377 3541 deam
398 3480 639 3560 praepotentem
660 3473 832 3539 lacrimoso
854 3474 945 3539 uultu
968 3474 1014 3539 sic
1036 3473 1236 3559 adprecabar

182 3582 320 3670 ‘Regina
341 3587 422 3651 caeli
445 3586 515 3651 siue
537 3590 572 3649 tu
587 3584 685 3650 Ceres
707 3584 794 3649 alma
816 3584 942 3668 frugum
964 3603 1084 3667 parcns
1099 3586 1268 3668 originalis
1290 3591 1322 3657 II

98 3717 183 3782 quae
204 3702 332 3782 repertu
354 3698 474 3762 laetata
504 3695 591 3761 filiae
619 3700 765 3761 uetustae
793 3693 923 3778 glandis
946 3694 1048 3759 ferino
1070 3701 1191 3760 remoto
1213 3716 1268 3780 pa·
1323 3713 1325 3722 ⁴

98 3808 176 3873 bulo
198 3808 268 3872 miti
290 3813 537 3873 commonstrato
560 3807 631 3871 cibo
653 3825 739 3871 nunc
760 3805 959 3872 Eleusiniam
981 3805 1111 3888 glebam
1133 3807 1270 3890 percolis

49 3947 83 4000 30
99 3954 142 3963 -
164 3937 224 3984 sen
244 3925 279 3983 tu
301 3917 453 3983 caelestis
474 3917 584 3983 Venus
606 3935 690 4000 quae
712 3915 825 4000 primis
847 3935 954 3981 rerum
971 3915 1112 3982 exordiis
1134 3935 1269 3982 sexuum

100 4027 321 4094 diuersitatem
342 4034 498 4111 generato
520 4047 629 4094 amore
650 4026 783 4094 sociasti
798 4033 830 4092 et
845 4032 978 4092 aeterna
999 4027 1112 4094 subole
1128 4026 1269 4092 humano

167 4213 277 4268 aaudrt
293 4213 347 4284 Fe,
371 4213 448 4284 eltf
527 4216 622 4280 queo
640 4213 665 4264 F
758 4215 773 4264 9
802 4210 982 4282 catamitum
1004 4227 1270 4278 munusuonroseon

101 4313 149 4366 1511}
166 4323 193 4360 x.
214 4307 315 4375 explic.
335 4309 339 4377 Ι
360 4320 415 4376 ego
442 4305 573 4363 salutum
601 4305 652 4374 legi
670 4304 694 4358 c
712 4304 822 4360 effidem
845 4321 918 4360 rome
939 4305 1010 4360 felix.
1035 4314 1118 4366 rueris.
1138 4307 1142 4376 Ι
1161 4315 1208 4366 n'l‘s
1232 4325 1270 4366 xr.

100 4401 221 4456 nelrcrter
238 4401 267 4453 io
283 4401 312 4456 F
350 4401 408 4455 ‘14
427 4394 529 4454 lbmatt
545 4398 590 4469 Fp
659 4404 691 4456 23
710 4396 861 4456 ldmersoF
926 4404 956 4454 31
977 4400 1077 4456 subole·
1095 4400 1162 4470 (fuit
1180 4402 1199 4467 l)
1214 4403 1239 4453 F
