2934 4900
523 242 595 290 car.
619 244 845 291 xxv—xxvur
1203 234 1258 295 171

94 391 233 477 depulso
256 395 396 477 tegmine
417 394 539 462 cunctis
561 395 670 479 palam
691 396 805 462 faeere.
840 397 886 464 sie
909 398 980 464 erili
1002 401 1194 466 contumelia
1217 420 1267 485 me
1289 398 1415 465 XXVII

87 510 267 602 cruciatum
297 507 428 574 tandem
456 506 605 573 caelestis
639 506 782 591 respexit
808 506 1019 592 prouidentia.
1063 530 1139 575 nam
1161 530 1262 577 senex

88 618 226 687 claudus
249 620 301 685 cui
322 624 433 685 nostra
445 617 547 683 tutela
568 616 728 701 permissa
741 618 853 700 luerat,
877 619 1031 685 uniuersa
1045 640 1104 687 uos
1119 622 1262 687 iumenta

88 731 124 796 id
146 731 229 797 hora
250 730 315 796 iam
337 730 523 815 postulante
537 727 580 793 ad
601 729 706 792 lacum
728 728 908 813 proximum
924 728 1057 795 bibendi
1072 750 1172 798 eausa
1192 751 1261 815 gre-

53 847 69 894 5
88 842 193 925 gatim
214 839 427 927 prominabat.
462 858 545 923 quae
567 857 620 904 res
642 832 882 922 optatissimam
904 838 982 905 mihi
1004 840 1166 907 uindictae
1189 842 1261 908 sub·

88 952 287 1018 ministrauit
321 930 531 1016 occasionem.
576 968 716 1033 namque
753 949 1032 1033 praetergrediens
1072 951 1261 1019 obseruatus

87 1069 252 1129 extremos
274 1060 412 1127 adulteri
434 1059 562 1145 digitos,
585 1061 641 1141 qui
663 1078 723 1144 per
744 1060 911 1143 angustias
926 1062 998 1127 caui
1019 1062 1169 1145 tegminis
1191 1083 1262 1147 pro·

87 1171 267 1252 minebant,
291 1172 456 1256 obliquata
476 1175 573 1254 atque
595 1169 856 1253 infestaungula
880 1190 1071 1255 conpressos
1095 1172 1262 1256 usquead
1285 1154 1289 1160 ’

89 1303 251 1350 summam
274 1282 438 1348 minutiem
461 1287 590 1346 contero
612 1272 724 1346 donec'
737 1280 932 1346 intolerabili
954 1280 1063 1347 dolore
1085 1289 1261 1351 commotus

42 1398 70 1447 ¹0
89 1394 219 1460 sublato
241 1392 341 1459 flebili
364 1394 503 1457 clamore
525 1391 719 1475 repulsoque
749 1400 780 1457 et
808 1371 1055 1457 abieoto.alueo
1078 1394 1262 1477 conspectui
1291 1414 1295 1423 ¹

89 1504 226 1588 profano
249 1502 394 1571 redditus
417 1522 569 1569 scaenam
592 1500 809 1585 propudiosae
831 1502 975 1569 mulieris
998 1504 1158 1587 patefecit.
1202 1522 1261 1571 nee
1305 1490 1307 1494 ’

87 1622 200 1679 tamen
228 1614 330 1698 pistor
350 1612 468 1679 damno
490 1610 665 1697 pudicitiae
687 1631 883 1697 magnopere
905 1621 1081 1679 commotus
1104 1616 1262 1697 exsangui

87 1725 214 1809 pallore
243 1722 458 1811 trepidantem
492 1743 625 1808 puerum
648 1740 764 1790 serena
791 1722 894 1788 fronte
917 1729 949 1789 et
977 1724 1150 1808 propitiata
1179 1724 1262 1789 laoie

87 1836 305 1901 commulcens
328 1834 432 1918 inquit

42 1939 69 1989 ¹⁵
172 1938 277 2011 ‘niun
298 1945 389 2011 triste
411 1944 453 2009 ee
479 1963 531 2009 me
552 1943 629 2025 rior,
658 1942 720 2024 firi,
745 1949 879 2009 metuas.
924 1923 1262 2012 massmannus

86 2076 149 2124 nec
171 2057 294 2141 agresti
315 2075 438 2120 merum
467 2054 618 2138 squalore
650 2052 816 2138 praeditus
838 2072 898 2119 nee
920 2052 963 2119 ad
985 2055 1167 2139 exemplum
1189 2075 1262 2121 nac·

87 2168 183 2233 cinae
204 2165 416 2232 truculentiae
445 2165 576 2231 sulfuris
605 2170 637 2230 te
673 2164 764 2229 letali
792 2164 878 2229 fumo
906 2164 1029 2229 necabo
1059 2162 1160 2231 ao'ne
1182 2165 1261 2231 iuris

87 2276 221 2361 quidem
254 2276 426 2343 seueritate
453 2276 526 2359 lege
547 2274 589 2341 de
611 2274 779 2341 adulteriis
802 2273 844 2339 ad
866 2272 1038 2340 discrimen
1067 2276 1189 2341 uocabo
1212 2294 1261 2339 oa-

87 2387 167 2472 pitis
188 2393 255 2453 tam
277 2393 448 2454 uenustum
471 2392 600 2470 tamque
623 2384 817 2471 pulchellum
839 2385 982 2470 puellum
998 2383 1056 2452 sed
1078 2385 1175 2469 plane
1190 2404 1261 2450 eum

41 2505 70 2553 20
88 2516 190 2565 uxore
212 2518 286 2565 mea
307 2497 461 2583 partiario
482 2496 637 2562 tractabo.
682 2515 743 2562 nee
771 2495 1004 2562 herciscundae
1031 2495 1175 2561 familiae
1204 2495 1261 2562 sed

87 2610 250 2675 communi
272 2607 451 2677 diuidundo
473 2607 610 2672 formula
624 2605 784 2672 dimicabo
807 2612 842 2670 ut
864 2606 934 2672 sine
955 2607 1022 2670 ulla
1044 2607 1272 2672 controuersia«

9 2715 70 2784 [²3⁰]
87 2721 142 2784 uel
165 2719 368 2786 dissensione
390 2717 493 2784 tribus
515 2717 609 2784 nobis
631 2718 665 2782 in
688 2737 751 2783 uno
774 2716 945 2782 conueniat
967 2717 1092 2783 lectulo.
1131 2737 1207 2782 nam
1229 2723 1261 2781 et

87 2831 161 2916 ipse
184 2849 405 2914 sempereum
427 2848 500 2894 mea
521 2828 656 2911 coniuge
677 2834 744 2892 tam
766 2824 965 2892 concorditer
987 2827 1054 2892 uixi
1070 2834 1104 2892 ut
1119 2846 1158 2893 ex
1174 2834 1261 2898 secta

86 2942 296 3029 prudentium
318 2939 432 3006 eadem
455 2937 548 3004 nobis
570 2937 727 3002 ambobus
750 2938 923 3021 placerent.
947 2936 1005 3004 sed
1020 2937 1167 3021 aequitas
1190 2937 1261 3020 ipsa

41 3070 70 3120 aa
89 3055 212 3140 patitur
234 3051 355 3117 habere
377 3050 450 3135 plus
473 3048 672 3114 auctoritatis
694 3068 826 3113 uxorem
849 3067 946 3129 quam
968 3041 1136 3114 maritum?
1221 3084 1229 3096 ,

176 3163 267 3228 Talis
296 3159 454 3228 sermonis
482 3157 638 3224 blanditie
668 3159 853 3227 cauillatum
876 3157 1055 3224 deducebat
1082 3157 1125 3223 ad
1147 3164 1250 3223 torum
1273 3155 1415 3223 XXVIII

91 3275 255 3341 nolentem
283 3291 427 3356 puerum,
458 3275 645 3353 sequentem
667 3276 777 3334 tamen
799 3275 831 3334 et
852 3268 1063 3352 pudicissima
1085 3269 1141 3334 illa
1163 3288 1262 3334 unere

90 3386 248 3450 altrorsus
270 3381 412 3447 disclusa
435 3380 523 3446 solus
544 3379 616 3462 ipse
638 3398 709 3445 cum
730 3397 830 3463 puero
846 3378 969 3446 cubans
990 3379 1176 3462 gratissima
1198 3398 1263 3444 eor-

90 3500 257 3580 ruptarum
280 3492 464 3574 nuptiarum
486 3489 629 3555 uindicta
662 3489 893 3575 perimebatur.
939 3487 997 3555 sed
1016 3508 1097 3554 cum
1126 3488 1263 3574 primum

41 3613 73 3663 30
90 3612 162 3671 rota
184 3603 264 3670 solis
285 3599 393 3667 lueida
416 3600 501 3666 diem
528 3601 669 3686 peperit,
697 3601 821 3665 uocatis
850 3599 976 3665 duobus
999 3619 1016 3665 e
1039 3599 1160 3666 familia
1183 3598 1263 3662 uali-

92 3715 248 3793 dissimis,
272 3732 368 3796 quam
390 3710 547 3778 altissime
569 3711 694 3777 sublato
717 3729 816 3793 puero
840 3710 943 3776 ferula
957 3716 1051 3775 nates
1066 3711 1135 3782 eius
1153 3709 1263 3774 obuer-

160 4000 311 4072 ssoprelioi
325 3999 357 4070 f:
382 3993 499 4068 epodos
521 4001 590 4067 (sup.
609 4013 627 4066 p
644 3995 702 4066 fait
720 4001 747 4058 'l
776 3995 807 4058 F,
834 3979 940 4066 cipllot
962 4015 981 4062 φ
1070 4001 1100 4050 10
1125 3995 1201 4049 albeo
1225 3995 1263 4050 F‘

97 4100 127 4149 lt
146 4094 273 4163 exsangui
290 4093 322 4164 f:
346 4092 461 4160 exiungu
479 4091 511 4154 F,
536 4105 687 4159 exangmp
788 4093 818 4142 ta
839 4089 968 4143 mclan
1065 4094 1092 4142 ll
1113 4088 1225 4157 iulpuni
1241 4088 1268 4140 F

97 4192 129 4242 18
141 4172 292 4242 leuentate
310 4183 353 4255 Fp
439 4189 472 4237 20
490 4183 657 4252 hnerlcunde
675 4183 706 4248 F,
725 4183 927 4252 hrrcdcurrdep
997 4187 1030 4237 28
1049 4181 1192 4237 alterorlui
1208 4182 1262 4250 Fa

94 4285 127 4334 30
145 4266 221 4349 peprt
232 4285 347 4352 praeter
365 4293 379 4332 e
397 4281 423 4332 et
439 4282 451 4330 t
469 4278 497 4334 in
514 4291 568 4335 ras.
587 4293 605 4330 α
622 4292 704 4330 manu
721 4276 841 4332 secanda
859 4280 887 4332 io
901 4279 930 4344 F,
949 4283 1088 4346 pepentp
1157 4273 1263 4329 uulrdrl·

93 4373 169 4428 limet
185 4372 222 4428 F·
