2934 4900
382 233 454 280 cae.
478 233 675 281 xxv-xxvn
696 235 789 282 nmen
810 237 837 283 11
859 235 933 283 ona.
956 237 969 284 1
1130 303 1135 317 ἴ
1224 223 1263 283 17

177 383 219 446 Et
248 401 321 448 ecce
343 384 433 450 Fotis
463 386 581 450 ancilla
612 379 718 468 ‘rogat
746 377 792 454 te'
822 387 926 471 inquit
951 380 1110 474 ‘hospes’
1148 396 1182 473 at
1202 408 1262 472 ego
1283 385 1394 454 XXVI

85 493 156 556 iam
186 492 262 562 inde
283 493 413 561 Milonis
441 495 658 566 abstinentiae
680 496 825 580 cognitor
851 498 1004 564 excusaui
1025 498 1157 563 comiter
1178 499 1264 583 quod

85 603 165 668 uiae
180 605 383 670 uexationem
405 625 471 670 non
496 605 567 671 cibo
590 605 648 671 sed
663 626 775 672 somno
797 626 961 674 censerem
976 607 1171 675 diluendam.
1200 609 1262 676 isto

84 719 222 798 accepto
254 716 360 798 pergit
391 715 463 799 ipse
491 721 523 780 et
551 716 670 784 iniecta
699 716 834 782 dextera
862 718 1036 784 clementer
1063 739 1114 784 me
1134 719 1262 786 trahere

46 823 243 888 aadoritur.
286 844 324 889 ae
353 825 428 890 dnm
456 832 600 907 cunctor,
630 825 705 891 dum
733 826 879 893 modeste
906 829 1028 894 renitor
1054 823 1132 894 ‘non
1153 822 1260 914 prius‘

82 934 193 1017 inquit
218 927 396 1000 ‘discedam
426 955 522 1020 quam
552 955 603 1001 me
634 928 797 1021 sequaris'
829 945 860 1003 et
887 937 1006 1003 dictum
1033 938 1261 1005 iureiurando

82 1049 218 1110 secutus
246 1045 310 1109 iam
339 1045 566 1112 obstinationis
595 1066 674 1113 suae
702 1067 755 1112 me
784 1047 920 1131 ingratis
942 1049 1166 1116 oboedientem
1188 1070 1261 1136 per-

81 1152 175 1218 ducit
189 1153 231 1218 ad
253 1155 344 1219 illum
366 1177 458 1221 suurn
481 1156 685 1239 grabatulum
709 1163 741 1222 et
761 1157 917 1224 residenti
935 1151 1045 1240 ‘quam
1066 1161 1157 1226 salue
1173 1154 1257 1245 agit’

80 1264 191 1348 inquit
216 1257 370 1332 ‘Demeas
392 1267 524 1332 noster?
559 1266 637 1349 quid
659 1268 764 1333 uxor?
797 1267 876 1351 quid
897 1269 1014 1334 liberi?
1047 1270 1125 1352 quid
1145 1291 1260 1338 uerna·

29 1395 62 1444 ro
80 1374 174 1439 culi?
211 1395 308 1440 narro
323 1376 460 1460 singula.
498 1383 703 1461 percontatur
722 1379 903 1446 accuratius
918 1398 1034 1446 causas
1057 1382 1154 1447 ctiam
1170 1400 1259 1466 pere·

79 1485 278 1568 grinationis
300 1505 402 1552 meae.
439 1509 520 1572 quas
548 1488 603 1553 ubi
632 1488 733 1574 probe
762 1488 897 1572 protuli,
930 1488 996 1554 iam
1024 1497 1056 1555 et
1083 1490 1124 1556 de
1152 1492 1259 1576 patria

79 1602 197 1662 nostra
220 1603 251 1661 et
274 1597 343 1663 eius
365 1598 561 1682 primoribus
583 1615 621 1663 ac
643 1597 783 1682 denique
800 1597 841 1663 de
862 1599 934 1684 ipso
955 1599 1106 1683 praeside
1128 1619 1258 1686 scrupu-

76 1707 246 1772 losissime
268 1708 442 1792 explorans
464 1707 522 1794 ubi
543 1728 593 1774 me
615 1715 690 1792 post
710 1707 836 1773 itineris
858 1714 924 1773 tam
946 1711 1037 1775 saeui
1053 1712 1257 1778 uexationem

78 1816 188 1882 sensit
207 1817 387 1882 fabularum
410 1836 536 1902 quoque
560 1819 644 1884 serie
667 1817 845 1902 fatigatum,
868 1819 903 1882 in
924 1818 1025 1884 uerba
1046 1820 1152 1886 media
1173 1842 1256 1888 som-

27 1937 58 1985 15
77 1928 249 1992 nolentum
271 1927 420 1994 desinere
441 1947 479 1993 ao
501 1947 560 1993 nec
583 1928 751 2012 quicquam
775 1927 933 1993 defectum
958 1930 1024 1994 iam
1045 1931 1166 1996 incerta
1188 1952 1256 1998 uer·

77 2039 195 2103 borum
218 2038 348 2104 salebra
368 2039 542 2121 balbutire,
572 2038 703 2103 tandem
732 2039 853 2122 patitur
874 2038 1015 2104 cubitum
1037 2041 1254 2108 concederem.

77 2148 175 2214 euasi
203 2148 377 2230 aliquando
404 2149 530 2214 rancidi
554 2150 642 2216 senis
672 2150 792 2232 loquax
810 2156 847 2236 let
868 2143 1049 2215 famelicum
1071 2153 1255 2217 conuiuium

76 2279 194 2324 somno
210 2279 275 2324 non
297 2259 369 2323 cibo
382 2266 545 2342 grauatus,
569 2265 701 2324 cenatus
718 2258 797 2325 solis
819 2258 937 2325 fabulis
959 2266 991 2325 et
1014 2260 1049 2325 in
1075 2261 1254 2328 cubiculum

75 2388 231 2436 reuersus
254 2375 384 2454 optatae
404 2388 457 2433 me
479 2370 578 2453 quieti
600 2367 738 2434 reddidi.

540 2726 724 2791 LIBER
759 2726 791 2790 Π

22 2953 56 3001 ao
164 2938 207 3002 Vt
228 2938 366 3021 primum
395 2944 487 3004 nocte
510 2938 657 3004 discussa
685 2938 734 3004 sol
756 2956 860 3002 nouus
882 2935 967 3001 diem
990 2937 1065 3002 lecit
1087 2944 1119 3003 et
1140 2959 1252 3004 somno
1274 2940 1289 3003 1

75 3048 175 3115 simul
199 3067 343 3115 emersus
365 3056 397 3113 et
417 3050 542 3128 lectulo,
564 3048 680 3113 anxius
704 3047 848 3130 alioquin
871 3052 903 3111 et
924 3046 1020 3112 nimis
1043 3046 1179 3129 cupidus
1202 3066 1252 3113 co-

72 3157 255 3243 gnoscendi
271 3177 353 3239 quae
368 3180 442 3224 rara
457 3160 602 3243 miraque
618 3162 701 3238 sunt,
725 3161 943 3240 reputansque
957 3175 1008 3221 me
1030 3155 1139 3223 media
1153 3157 1254 3225 Thes-

74 3269 182 3337 saliae
204 3269 276 3333 loea
295 3277 421 3352 tenere,
452 3289 514 3353 quo
537 3269 616 3334 artis
646 3267 793 3349 magicae
815 3265 927 3330 natiua
947 3267 1132 3333 cantamina
1153 3269 1252 3335 totius

74 3378 167 3444 orbis
183 3397 323 3445 consono
346 3398 401 3443 ore
426 3380 635 3460 celebrentur,
659 3377 865 3460 fabulamque
888 3375 976 3440 illam
993 3377 1104 3461 optimi
1126 3379 1252 3445 comitis

22 3507 55 3556 as
73 3488 293 3555 Aristomenis
309 3488 349 3554 de
372 3489 436 3555 situ
458 3489 597 3555 ciuitatis
617 3488 713 3554 huius
736 3493 889 3567 exortam,
913 3506 1091 3571 suspensus
1107 3488 1252 3573 alioquin

74 3606 108 3665 et
132 3605 208 3665 uoto
231 3599 379 3664 simulet
402 3597 507 3665 studio
530 3599 654 3665 curiose
676 3598 805 3680 singula
820 3595 1075 3662 considerabam.
1112 3618 1172 3664 nec
1193 3599 1252 3665 fuit

73 3711 108 3775 in
134 3710 192 3773 illa
207 3709 336 3775 ciuitate
358 3708 444 3793 quod
469 3709 631 3792 aspiciens
654 3707 688 3772 id
710 3726 783 3774 esse
798 3705 962 3772 crederem
985 3707 1069 3790 quod
1092 3717 1177 3774 esset
1192 3708 1251 3776 sed

73 3820 188 3885 omnia
209 3840 341 3905 prorsus
370 3818 462 3885 ferali
485 3837 646 3883 murmure
672 3818 705 3883 in
728 3818 826 3881 aliam
849 3816 988 3899 effigiem
1010 3818 1183 3902 translata,
1217 3827 1252 3885 ut

72 3937 108 3996 et
131 3928 259 4013 lapides
282 3950 362 4014 quos
385 3928 580 3995 offenderem
610 3927 650 3993 de
678 3926 809 3992 homine
837 3926 970 3993 duratos
1004 3935 1036 3993 et
1067 3947 1147 3996 aues
1169 3948 1251 4013 quas

73 4102 385 4115 ....-...----—--

147 4198 271 4273 lphotrl
287 4204 294 4261 l
312 4216 330 4267 p
349 4163 419 4255 cori.
436 4202 467 4251 ot
483 4195 542 4251 oid.
560 4212 597 4251 eoo
614 4196 647 4261 F)
667 4198 697 4260 F,
715 4195 840 4265 photrlo
936 4175 1059 4266 opos-F
1136 4193 1251 4249 lobltr·

73 4300 181 4349 nauem
198 4292 229 4343 F*
288 4276 470 4347 obedientciF
547 4290 640 4343 Slio
658 4284 823 4359 grabbattuld
848 4289 876 4343 io
894 4305 947 4343 ros.
972 4291 1001 4343 in
1018 4290 1044 4341 F
1135 4290 1165 4341 la
1183 4286 1249 4343 aab·

70 4388 209 4457 scribtum
226 4400 515 4439 unaunuonanosaou.
535 4387 593 4439 isa.
611 4398 630 4436 1.
650 4383 727 4452 expl.
747 4381 752 4453 Ι
770 4384 853 4437 ruem.
871 4398 901 4435 11.
918 4396 1077 4437 rnn1crnnn.
1092 4381 1121 4435 ia
1138 4381 1165 4433 ll

128 4481 251 4522 Aavnmvt
1031 4469 1047 4521 2
