2934 4900
514 222 587 268 ΟΑΡ.
609 220 826 268 XVIIII-XXII
1219 212 1257 273 31

75 377 277 441 urbanitatis
300 375 442 442 fabulam
464 375 553 440 illam
576 381 664 440 tuam
695 376 845 440 remetire
868 384 902 441 ut
923 387 956 441 et
976 376 1061 443 filius
1083 397 1173 444 meus
1195 380 1257 447 iste

78 487 204 552 Lucius
225 485 327 571 lepidi
350 487 507 552 sermonis
529 485 576 552 tui
598 486 781 570 perfruatur
803 478 977 552 comitate'

168 597 211 661 At
225 596 287 661 ille
313 589 360 661 ‘tu
383 595 512 678 quidem
535 587 680 661 domina'
713 597 760 662 ait
788 590 834 662 ‘in
864 597 969 662 officio
983 598 1104 665 ¹mones
1127 607 1258 668 sanctae

74 718 156 774 tuae
178 707 333 774 bonitatis
363 705 420 772 sed
442 706 576 779 ferenda
603 727 668 773 non
692 714 742 774 est
764 707 964 792 quorundam
991 709 1175 776 insolentia.
1213 711 1259 778 sic

35 825 51 870 5
74 820 135 884 ille
152 824 339 883 commotus.
378 816 436 884 sed
451 817 607 883 instantia
622 817 842 902 Byrrhaenae,
866 838 949 903 quae
966 838 1038 884 eum
1053 820 1256 887 adiuratione

77 948 162 996 suae
186 928 300 994 salutis
322 928 459 1012 ingratis
483 928 618 1012 cogebat
640 928 740 1011 effari,
764 930 898 1012 perfecit
919 938 954 996 ut
974 931 1081 996 uellet.

170 1039 217 1103 Ac
239 1039 285 1104 sic
307 1038 470 1121 aggeratis
492 1039 526 1103 in
549 1039 708 1104 cumulum
739 1040 891 1123 stragulis
919 1047 951 1105 ct
973 1040 1093 1107 cffultis
1115 1041 1149 1106 in
1172 1041 1258 1106 cubi·
1280 1025 1363 1094 XXI

6 1143 55 1210 Ἡ1
79 1159 153 1216 tum
182 1149 434 1233 suberectusque
462 1149 496 1214 in
526 1155 629 1214 torum
664 1151 800 1234 porrigit
827 1150 992 1217 dexteram
1020 1157 1052 1216 et
1080 1151 1123 1216 ad
1156 1152 1260 1218 instar

78 1268 248 1329 oratorum
270 1248 446 1324 tranformet
473 1260 642 1325 articulum
670 1260 859 1343 duobusque
888 1247 1008 1328 infimis
1030 1262 1190 1328 conclusis
1212 1261 1259 1327 di-

21 1385 55 1431 10
77 1375 161 1458 gitis
185 1379 308 1437 ceteros
331 1369 455 1435 eminus
478 1371 612 1454 porrigit
633 1378 665 1436 et
686 1371 804 1437 infesto
825 1372 942 1456 pollice
961 1373 1134 1438 clementer
1157 1373 1259 1438 subri-

76 1485 165 1550 dens
188 1483 259 1547 infit
280 1481 489 1566 Thelyphron
1063 1500 1067 1508 ·

166 1589 326 1677 ‘Pupillus
349 1612 408 1675 ego
431 1592 539 1657 Mileto
562 1593 722 1676 profectus
750 1593 792 1656 ad
816 1594 1033 1677 spectaculum
1056 1593 1257 1678 Olympicum

78 1727 157 1771 eum
189 1704 271 1769 hacc
293 1703 390 1768 etiam
419 1703 490 1766 loca
511 1702 699 1786 prouinciae
729 1703 961 1786 famigerabilis
984 1703 1077 1770 adire
1097 1723 1257 1788 cuperem,

77 1821 260 1902 peragrata
282 1821 397 1879 cuncta
411 1812 586 1879 Thessalia
607 1814 707 1880 fuscis
730 1814 846 1880 auibus
861 1813 1027 1880 Larissam
1049 1814 1183 1880 accessi.
1220 1835 1258 1879 ac

23 1943 55 1990 15
78 1928 162 1992 dum
191 1925 319 2008 singula
350 1943 522 2008 pererrans
556 1919 687 1989 tenuato
720 1924 892 1989 admodum
925 1925 1043 1990 uiatico
1076 1927 1258 2010 paupertati

77 2057 178 2104 meae
200 2036 341 2101 fomenta
359 2034 525 2117 conquiro,
556 2035 723 2118 conspicor
751 2034 857 2100 medio
881 2037 951 2100 foro
971 2055 1138 2122 procerum
1160 2054 1258 2120 quen-

78 2149 164 2215 dam
187 2166 308 2212 sencm.
345 2145 515 2212 insistebat
536 2143 678 2230 lapidem
712 2147 862 2229 claraque
883 2165 962 2210 uoce
984 2146 1194 2231 praedicabat
1216 2147 1258 2212 si-

78 2259 137 2344 qui
156 2265 313 2322 mortuum
329 2274 458 2322 seruare
473 2256 580 2338 uellet,
604 2254 644 2320 de
659 2257 763 2340 pretio
777 2256 935 2321 liceretur.
971 2263 1003 2322 et
1015 2256 1060 2357 pd
1076 2257 1258 2341 quempiam

78 2368 359 2457 praetereuntium
384 2359 477 2451 ‘quid
499 2358 576 2431 hoc’
607 2366 739 2451 inquam
765 2359 983 2451 ‘comperior‘l
1014 2365 1121 2433 hicine
1143 2369 1257 2432 mortui
1368 2425 1372 2430 Α
1428 2354 1444 2372 ”

21 2495 56 2542 20
80 2482 192 2550 solent
214 2472 405 2561 aufugere?’
858 2556 860 2559 y
1320 2469 1329 2479 ”

170 2582 283 2655 ‘Tace'
313 2588 480 2673 respondit
509 2588 573 2653 ille.
615 2580 703 2653 ‘nam
732 2586 851 2673 oppido
884 2608 965 2673 puer
993 2594 1025 2652 et
1054 2589 1135 2655 satis
1167 2608 1259 2674 pere-

78 2704 200 2788 grinus
215 2721 251 2767 es
273 2701 449 2783 meritoque
472 2700 602 2783 ignoras
618 2698 810 2764 Thessaliae
828 2706 859 2764 te
882 2698 1067 2781 consistere,
1082 2698 1138 2764 uhi
1161 2717 1259 2782 sagae

79 2812 240 2879 mulieres
269 2832 327 2876 ora
348 2817 544 2875 mortuorum
566 2809 690 2893 passim
713 2808 940 2891 demoratam,
973 2828 1076 2893 eaque
1098 2815 1172 2875 sunt
1193 2808 1259 2873 illis

78 2924 167 2990 artis
189 2923 333 3005 magicae
357 2912 605 3005 supplementa'
1310 2905 1313 2918 '

24 3048 57 3096 ‘25
172 3033 291 3098 Contra
313 3050 373 3115 ego
390 3024 435 3095 ‘et
456 3049 548 3113 quae,
572 3020 614 3093 tu’
638 3028 770 3112 inquam
790 3021 855 3094 ‘dic
878 3023 983 3109 s‘odes,
1013 3027 1179 3097 custodela
1199 3028 1257 3092 illa
1278 3015 1375 3083 XXII

77 3139 233 3212 feralis‘l'
269 3134 347 3206 ‘iarn
362 3133 513 3225 primum'
539 3138 706 3223 respondit
725 3139 780 3203 ille
800 3132 978 3223 ‘perpetem
1000 3148 1125 3205 noctem
1141 3138 1257 3205 eximie

77 3251 288 3339 uigilandum
317 3258 366 3317 est
395 3252 512 3317 exertis
541 3256 572 3315 et
593 3249 753 3315 inconiuis
783 3250 884 3316 oculis
907 3269 1034 3335 semper
1062 3250 1096 3315 in
1118 3249 1258 3315 cadauer

77 3364 219 3431 intentis
247 3381 307 3428 nee
336 3362 422 3427 acies
451 3380 587 3442 usquam
616 3359 830 3443 deuertenda,
863 3360 960 3424 immo
989 3380 1031 3426 ne
1060 3359 1259 3445 obliquanda

79 3473 227 3561 quidem.
290 3472 409 3557 quippe
453 3491 523 3535 cum
571 3470 764 3535 deterrimae
808 3471 996 3555 uersipelles
1042 3472 1077 3535 in
1120 3471 1257 3555 quoduis

24 3607 58 3655 30
79 3584 209 3651 animal
231 3602 285 3647 ore
307 3601 462 3647 conuerso
494 3582 632 3646 latenter
655 3578 827 3664 adrepant,
860 3587 894 3644 ut
915 3582 1005 3665 ipsos
1028 3582 1124 3646 etiarn
1147 3585 1256 3648 oculos

153 3797 168 3847 2
186 3792 284 3862 leprdrs
303 3812 339 3863 p:
357 3792 452 3860 leprdrf
468 3791 495 3845 F
560 3794 574 3843 3
592 3790 685 3843 manes
701 3792 816 3844 coniecit
833 3790 990 3901 Beroaldusc
1057 3796 1072 3843 5
1090 3792 1262 3862 byrrheneF

79 3907 238 3981 icumnlld
255 3913 295 3967 sic
312 3911 340 3964 F
408 3914 436 3962 10
456 3910 573 3963 emmens
589 3908 657 3962 Fet
673 3907 766 3962 addito
785 3910 813 3961 ia
830 3911 953 3981 mcrpine
973 3928 995 3964 c.
1025 3906 1141 3979 emm'qr
1192 3926 1254 3978 por-

78 4013 146 4077 rrgrt
173 4022 244 4061 corr.
272 4003 373 4058 ataid.
401 4018 439 4056 ea
463 4008 581 4070 porriget
598 4004 626 4056 ia
643 4001 674 4066 F,
694 4004 874 4071 porrigenfp
971 4003 1164 4081 lttnfuhngenf
1185 4003 1214 4055 F
1226 4023 1255 4071 p,

79 4098 243 4168 fubnngenf
263 4097 377 4153 coniecit
394 4095 609 4161 Hildchrandias‚
628 4096 766 4149 fubrrdent
788 4096 997 4168 Guelferbytom'
1090 4101 1116 4148 11
1137 4095 1254 4149 thlefron

79 4196 127 4264 Fe
202 4195 233 4245 13
252 4187 294 4244 Th
312 4190 382 4260 F¹p
471 4194 500 4241 15
518 4170 633 4261 pdptaltr
654 4190 681 4243 F
748 4194 778 4243 18
798 4192 823 4243 fe
841 4190 926 4259 pretio
944 4190 1047 4245 locaret
1064 4188 1256 4243 6111116611Ηέ1-

77 4286 261 4343 (retroactos,
278 4284 310 4339 de
327 4283 413 4353 pretio
431 4282 531 4339 diceret
542 4283 750 4355 Oudendorpius
817 4288 850 4337 23
868 4283 920 4337 rllrf
936 4299 1005 4337 corr.
1024 4287 1055 4335 ot
1071 4282 1125 4336 oid.
1144 4298 1182 4337 ex
1198 4282 1243 4336 rllo

79 4385 110 4437 irt
128 4381 163 4445 F,
182 4378 270 4447 rlhrp
