2934 4900
473 225 545 273 car,
569 225 810 271 xxvrn-xxxx
1179 210 1220 270 97

55 374 210 439 uindictae
234 377 390 441 solacium
412 376 584 443 undeunde
613 375 831 460 spernendum
854 383 912 441 est.
928 376 999 464 ,illa
1027 375 1106 439 mihi
1134 395 1221 459 pror-

56 505 105 550 sus
128 485 315 550 adhibenda
338 494 388 552 est
409 507 469 551 nec
492 489 558 552 ulla
580 489 645 552 alia
660 489 744 570 qnae
765 487 903 568 castiget
924 485 1101 570 asperrime
1122 507 1221 568 ungo-

56 614 123 658 nem
155 595 268 678 istum,
303 597 489 679 pharetram
519 598 658 682 explicet
687 605 718 662 et
748 598 885 681 sagittas
913 595 1074 671 dearmet‚
1110 614 1221 661 arcum

57 703 178 786 enodet,
202 706 330 772 taedam
354 707 546 791 deflammet,
571 709 667 772 inuno
696 716 728 772 et
755 708 861 791 ipsum
883 726 1000 790 corpus
1029 705 1099 771 eins
1121 706 1221 771 acrio-

21 829 41 876 3
57 815 139 880 ribus
161 816 315 882 remediis
331 817 509 884 coherceat.
537 825 612 883 tnnc
628 818 767 882 iniuriae
782 837 873 883 meac
888 817 1014 882 litatum
1029 815 1222 882 crediderim

57 942 122 988 cnm
145 926 215 992 eius
238 946 355 1008 comas,
380 949 460 1012 quas
483 929 554 995 istis
577 929 725 995 manibus
749 928 829 993 meis
853 926 990 992 subinde
1005 945 1103 991 aureo
1118 927 1222 992 nitore

56 1036 240 1118 perstrinxi,
264 1038 438 1120 deraserit,
462 1039 594 1122 pinnas,
619 1059 699 1130 quas
721 1058 792 1103 meo
815 1039 936 1120 gremio
958 1037 1101 1102 nectarei
1123 1037 1222 1104 fontis

56 1145 153 1228 infeci,
177 1144 451 1232 praetotonderit.'

134 1257 187 1322 Sic
211 1260 309 1324 effata
331 1261 417 1326 foras
441 1280 514 1326 sese
546 1259 682 1344 proripit
709 1260 829 1324 infesta
850 1265 882 1323 et
904 1257 1105 1326 stomachata
1138 1259 1222 1324 biles
1250 1261 1363 1327 XXXI

21 1381 43 1428 ro
58 1366 218 1434 Venerias.
242 1369 299 1436 sed
322 1389 392 1436 earn
416 1371 562 1455 protinus
578 1369 677 1434 Ocres
699 1375 731 1434 et
752 1368 834 1432 Iuno
856 1368 1083 1433 continuantur
1105 1368 1222 1434 uisam·

60 1498 114 1559 que
136 1481 226 1544 uultu
249 1479 370 1544 tumido
393 1482 563 1564 quaesiere
591 1469 647 1544 eur
675 1478 756 1544 truci
786 1478 956 1562 supercilio
978 1486 1101 1544 tantam
1125 1498 1222 1544 uenu-

60 1595 167 1654 statem
182 1591 369 1655 micantium
386 1591 549 1656 oculorum
563 1596 734 1656 coerceret.
751 1595 784 1653 at
806 1589 864 1653 illa
881 1580 1093 1674 ‘opportune'
1119 1589 1223 1671 inquit

56 1676 194 1765 ‘ardenti
215 1722 348 1786 prorsus
377 1701 439 1766 isto
468 1719 538 1765 mco
569 1700 690 1785 pectori
718 1699 891 1764 nolentiam
915 1699 1036 1765 scilicet
1056 1706 1223 1784 perpetra·

59 1815 140 1874 turae
161 1812 292 1877 ueritis.
313 1811 373 1893 sed
396 1803 577 1893 totis,'oro,
601 1811 718 1876 uestris
748 1809 873 1875 uiribus
895 1810 1044 1894 Psychen
1064 1807 1155 1901 illam
1174 1809 1223 1899 'fu-

21 1923 44 1972 15
60 1919 184 2000 gitinam
208 1922 381 1986 uolaticam
404 1922 483 1986 mihi
506 1921 668 2006 requirite.
698 1939 758 1985 nec
780 1920 867 1985 enim
889 1920 948 1985 uos
976 1920 1085 2004 utique
1108 1919 1222 1988 domus

63 2049 144 2096 meac
166 2033 293 2098 famosa
315 2033 424 2098 fabula
447 2040 478 2098 et
500 2053 565 2098 non
587 2029 718 2098 dicendi
740 2031 798 2094 filii
819 2031 883 2094 mei
904 2031 990 2094 lacta
1011 2021 1198 2096 latuerunt'

134 2145 226 2209 Tunc
248 2144 325 2208 illae
348 2145 490 2226 ignarae,
515 2162 598 2225 quac
619 2148 810 2226 gestarunt,
834 2141 969 2225 palpare
983 2122 1119 2206 Veneris
1141 2141 1223 2204 iram

63 2254 253 2318 saeuientem
277 2254 323 2319 sic
345 2253 478 2320 adortae
497 2247 589 2339 ‘qnid
610 2254 689 2334 tale,
713 2251 860 2333 domina,
883 2250 1019 2334 deliquit
1040 2257 1114 2316 tuus
1135 2251 1222 2336 lilius

20 2353 46 2420 ¹3l
62 2367 90 2423 nt
109 2365 215 2428 animo
244 2364 404 2448 peruicaci
439 2365 623 2448 uoluptates
655 2363 744 2428 illius
775 2363 947 2445 impugnes
979 2360 1012 2426 et
1040 2381 1136 2444 quam
1167 2361 1223 2429 ille

22 2470 46 2521 11
61 2470 155 2556 diligit
177 2483 212 2542 tu
235 2496 361 2559 quoque
384 2473 520 2559 perdere
541 2476 686 2559 gestias?
725 2472 811 2557 quod
840 2479 964 2555 autem,
994 2492 1140 2553 oramus,
1169 2472 1224 2540 isti

62 2583 224 2651 ennensi
252 2586 381 2670 puellae
413 2584 544 2669 lepidae
576 2585 713 2651 libenter
748 2584 887 2649 adrisit?
924 2602 967 2647 an
995 2582 1127 2665 ignoras
1149 2601 1223 2647 eum

61 2698 230 2760 masculum
259 2703 291 2761 et
318 2695 476 2761 iuuenem'
490 2716 563 2762 esse
591 2697 644 2761 uel
673 2701 759 2761 certe
788 2696 853 2758 iam
881 2699 958 2777 quot
985 2692 1027 2758 sit
1065 2711 1223 2758 annorum

63 2800 153 2871 oblita
175 2806 233 2872 es?
270 2826 314 2871 an
336 2806 422 2891 quod
444 2812 584 2872 aetatem
607 2812 713 2889 portat
735 2804 869 2885 bellule,
898 2822 979 2888 puer
1007 2802 1066 2867 tibi
1096 2821 1224 2886 semper

63 2912 201 2982 uidetur?
239 2923 343 2983 mater
370 2923 477 2982 antem
505 2923 541 2981 tn
563 2900 595 2981 ct
616 2922 786 2998 praeterea
807 2912 940 2978 cordata
961 2912 1076 2976 mulier
1096 2911 1155 2976 filii
1177 2912 1225 2977 tui

24 3022 47 3071 ²⁵
64 3019 144 3091 lusus
167 3032 294 3111 semper
316 3026 501 3111 explorabis
523 3027 650 3093 curiose
671 3025 760 3091 etin
781 3044 820 3089 eo
842 3022 1002 3088 luxuriem
1023 3022 1171 3105 culpabis
1192 3027 1225 3087 ct

64 3149 178 3203 amores
207 3136 354 3203 reuinces
384 3144 416 3202 et
447 3144 519 3205 tuas
549 3144 636 3203 artes
673 3145 810 3219 tuasque
842 3132 976 3199 delicias
1005 3132 1040 3196 in
1061 3132 1223 3197 formonso
1268 3182 1273 3187 .

63 3239 120 3307 filio
141 3246 382 3332 reprehendes?
405 3249 478 3332 quis
494 3255 601 3314 autem
623 3254 655 3313 te
671 3246 775 3328 deum,
800 3244 872 3328 quis
895 3243 1060 3307 hominnm
1082 3242 1224 3327 patietur

63 3355 174 3432 passim
196 3358 365 3441 cupidines
387 3360 515 3444 populis
530 3357 795 3425 disseminantem
810 3374 882 3419 oum
903 3360 978 3418 tuae
1004 3352 1118 3418 domus
1140 3372 1226 3417 amo-

23 3502 30 3527 .
67 3479 111 3529 res
132 3487 240 3533 amare
254 3487 403 3535 coerceas
419 3476 451 3535 ct
465 3469 615 3537 uitiorum
630 3467 834 3533 muliebrium
848 3464 1021 3549 publicam'
1032 3460 1226 3548 praecludas

26 3574 50 3625 11
65 3570 250 3643 officinam?'

64 3685 359 3703 Ἂ-

123 3744 253 3803 3farctrd
271 3748 299 3802 F
329 3762 334 3769 ’
380 3742 528 3816 5133113113
545 3746 574 3801 Ε
663 3750 693 3799 10
712 3749 734 3798 a
751 3760 820 3805 uno,
846 3757 945 3797 33333333
968 3738 1088 3796 secunda
1112 3739 1229 3793 mutauit

67 3830 1226 3910 11313313331331Ι3333333,31333333.333.33331313333,Ε3333,333.

66 3927 90 3979 in
111 3948 193 4007 marp
217 3936 293 3991 cerel
316 3942 343 3989 et
368 3938 476 4003 ruuop
565 3937 594 3987 11
619 3932 710 3986 trmrdo
740 3932 783 3999 Εφ
872 3932 901 3980 12
927 3932 1060 3995 oportune
1084 3926 1112 3980 F

66 4023 197 4083 nolentiam
220 4022 574 4121 1113311333333333133131
599 4026 636 4091 F,
663 4025 834 4091 uiolentrap
915 4024 959 4121 rld
976 4018 1104 4073 fabnba
1123 4018 1159 4083 Ε,
1174 4009 1227 4070 13-

66 4106 164 4217 mulla
251 4154 280 4203 11
299 4164 399 4218 guerre
416 4147 531 4203 coniecit
548 4144 703 4200 Beroaldus
790 4146 819 4196 18
838 4090 930 4210 dequd
944 4138 973 4193 Ε
1055 4142 1084 4190 21
1106 4137 1234 4211 arnlrtf

66 4262 201 4323 1333311313
218 4268 250 4334 Ε,
268 4220 404 4336 lrellulep
490 4270 523 4319 24
541 4280 584 4321 33
585 4264 650 4320 data
666 4263 734 4333 (fuit
750 4267 773 4325 rt
791 4260 821 4314 F
884 4263 917 4314 26
934 4256 1069 4325 formonso
1086 4256 1115 4308 F
1196 4258 1228 4308 29

70 4352 103 4403 1Ι
94 4372 118 4411 m
134 4363 302 4417 coherceat
290 4378 319 4417 333
335 4376 389 4417 rar
408 4377 426 4414 a
437 4360 532 4432 prima
548 4374 632 4413 3333333
649 4372 688 4413 rx
704 4360 716 4409 t
733 4354 852 4412 3333313
869 4352 902 4418 F,
895 4350 1065 4487 ,coherceat
1079 4368 1104 4418 p
1165 4347 1169 4357 “

111 4452 224 4501 [rvr-nm
