2934 4900
404 237 476 288 cnr.
500 240 586 286 xxxr
606 239 699 286 manu
721 239 795 287 v1n1
818 237 892 286 our.
913 231 995 278 1-11
1192 224 1251 286 155

166 391 373 476 Nequissimo
395 391 566 456 uerberoni
594 411 654 457 sua
685 391 808 476 placuit
835 393 922 458 salus
944 367 985 456 do
1005 411 1079 457 mea
1100 374 1201 458 morte
1222 398 1255 458 et

40 507 44 514 '
69 503 218 568 multum
240 519 417 568 conseruae
446 499 579 566 laudata
607 503 785 584 sagacitate
806 501 988 568 destinatae
1009 502 1074 568 iam
1103 503 1265 569 lanienae

68 615 199 680 cultros
220 612 365 680 acucbat.

515 892 698 956 LIBER
734 893 826 957 Vllll

39 1101 54 1148 5
170 1099 225 1164 Sic
261 1097 315 1162 ille
351 1097 568 1180 nequissimus
605 1096 749 1162 carnifex
785 1103 897 1185 contra
924 1116 975 1162 me
1004 1118 1118 1164 manus
1140 1092 1296 1183 impiasI

6 1212 55 1279 nt]
80 1209 289 1286 obarmabat,
313 1212 347 1272 at
369 1225 428 1290 ego
450 1206 685 1291 praecipitante
707 1206 877 1273 consilium
905 1207 1040 1291 periculi
1062 1210 1143 1274 tanti
1164 1227 1255 1293 prae·

77 1321 194 1386 sentia
216 1338 275 1385 nec
297 1323 465 1402 expectata
488 1317 613 1382 diutina
635 1317 829 1400 cogitatione
850 1318 1014 1383 lanienam
1037 1317 1255 1383 imminentem

77 1433 164 1515 fuga
193 1429 297 1494 uitare
320 1428 417 1526 statui
454 1429 663 1513 protinusque
686 1428 826 1511 uinculo,
856 1449 918 1512 quo
941 1427 1063 1493 fueram
1086 1428 1256 1511 deligatae,

78 1543 225 1624 abrupto
253 1559 347 1605 cursu
374 1559 426 1604 ma
454 1539 597 1624 proripio
633 1538 707 1603 totis
743 1520 881 1622 pedibus
910 1538 953 1603 ad
980 1536 1113 1604 tutelam
1142 1537 1256 1605 salutis

30 1655 60 1702 ¹0
80 1650 211 1716 crebris
233 1649 374 1714 calcibus
396 1648 548 1714 uelitatus
577 1649 714 1731 ilicoque
744 1668 795 1714 me
824 1649 941 1733 raptim
968 1656 1155 1715 transcursa
1186 1668 1258 1734 pro

79 1765 178 1830 xima
213 1761 338 1846 porticu
374 1758 522 1842 triclinio,
559 1758 595 1823 in
630 1778 691 1840 quo
728 1758 877 1824 dominus
905 1759 1034 1824 aedium
1062 1759 1257 1827 sacrificales

82 1875 203 1960 epulas
225 1892 296 1937 cum
319 1869 541 1937 sacerdotibus
562 1868 645 1934 deae
667 1868 845 1951 cenitabat,
873 1869 1096 1936 incunctanter
1122 1871 1258 1935 immitto

84 2005 148 2050 nec
172 2003 278 2069 pauca
299 2001 405 2046 rerum
428 1980 603 2065 adparatus
626 1975 749 2060 cibarii,
773 1999 902 2046 mensas
925 1981 1023 2044 etiam
1045 1981 1166 2065 impetu
1186 1999 1258 2045 meo

82 2093 207 2159 collido
228 2098 325 2176 atque
348 2089 500 2156 disturbo.
530 2109 594 2173 qua
614 2107 720 2155 rerum
744 2089 877 2155 deformi
899 2097 1006 2174 strage
1027 2090 1259 2175 paterfamilias

37 2214 63 2261 15
83 2209 265 2269 commotus
286 2208 321 2266 ut
349 2201 564 2294 importunum
600 2206 697 2282 atque
733 2201 891 2267 lasciuum
920 2221 970 2266 me
992 2200 1119 2266 cuidam
1140 2200 1260 2264 famulo

83 2313 214 2379 curiose
235 2309 387 2377 traditum
410 2317 494 2376 certo
522 2310 629 2392 aliquo
658 2312 728 2375 loco
757 2311 900 2376 clausum
930 2311 1020 2376 iubet
1050 2310 1190 2376 cohiberi
1219 2327 1260 2375 ne

84 2443 214 2491 rursum
236 2421 421 2488 conuiuium
442 2418 603 2507 placidum
633 2421 730 2487 simili
756 2421 936 2507 petulantia
963 2420 1165 2508 dissiparem.
1209 2410 1262 2486 bic

86 2537 195 2601 astulo
218 2540 396 2599 commento
419 2531 531 2597 scitule
551 2532 694 2599 munitus
720 2539 752 2597 et
773 2531 889 2599 mediis
911 2533 991 2599 lanii
1025 2534 1174 2599 manibus
1196 2552 1261 2599 ere-

87 2654 166 2731 ptus
190 2643 356 2710 custodela
377 2643 528 2709 salutaris
550 2642 629 2707 mihi
651 2642 833 2725 gaudebam
855 2644 1003 2709 carceris.

37 2757 69 2807 20
179 2754 244 2822 Sed
266 2755 415 2823 nimirum
437 2752 519 2818 nihil
555 2754 684 2818 fortuna
719 2761 898 2819 rennuente
928 2754 1003 2820 licet
1036 2754 1157 2819 homini
1187 2759 1261 2827 nato

89 2870 261 2934 dexterum
289 2863 459 2949 prouenit-e
488 2883 547 2929 nec
575 2864 710 2930 consilio
737 2863 889 2948 prudenti
916 2864 969 2929 uel
989 2862 1132 2929 remedio
1154 2864 1263 2947 sagaci

90 2980 227 3045 diuinae
256 2973 479 3060 prouidentiae
507 2974 615 3040 fatalis
643 2973 814 3059 dispositio
841 2974 983 3040 subuerti
1013 2975 1066 3040 uel
1096 2973 1264 3039 reformari
1322 3001 1330 3016 ·

92 3095 212 3175 potest.
235 3084 314 3152 mihi
337 3085 475 3169 denique
496 3084 530 3149 id
552 3085 657 3170 ipsum
679 3092 892 3151 commentum
915 3084 1001 3167 quod
1022 3083 1265 3149 momentariam

92 3201 232 3268 salutem
255 3196 422 3283 repperise
443 3193 621 3278 uidebatur,
645 3196 823 3280 periculum
845 3194 969 3278 grande
990 3196 1087 3260 immo
1109 3213 1265 3280 praesens

41 3319 72 3369 25
91 3312 230 3378 exitium
267 3306 419 3373 conflauit
449 3304 547 3370 aliud.
592 3326 666 3371 narn
695 3304 826 3389 quidam
849 3305 955 3372 subito
987 3325 1068 3389 puer
1089 3305 1200 3370 mobili
1223 3324 1260 3369 ac
1286 3307 1319 3371 ΙΙ

92 3419 225 3506 trepida
246 3420 328 3484 facie
349 3418 507 3503 percitus,
543 3422 578 3480 ut
600 3415 777 3481 familiares
799 3415 883 3480 inter
905 3435 940 3482 se
962 3416 1189 3495 susurrabant,
1218 3415 1267 3479 in-

92 3531 215 3615 rumpit
236 3528 408 3594 triclinium
432 3546 553 3609 suoque
575 3526 746 3591 annuntiat
773 3525 903 3591 domino
931 3524 973 3591 de
1003 3525 1148 3609 proximo
1177 3525 1273 3608 angi--

94 3647 193 3728 portu
215 3659 327 3706 canem
350 3637 496 3703 rabidam
530 3636 627 3720 paulo
660 3642 736 3700 ante
764 3656 823 3721 per
850 3637 1006 3720 posticam
1034 3636 1155 3719 impetu
1187 3636 1267 3700 miro

94 3772 172 3819 sese
194 3750 355 3815 direxisse
377 3747 567 3829 ardentique
588 3766 719 3831 prorsus
742 3746 847 3811 furore
867 3746 1035 3812 uenaticos
1057 3765 1154 3812 canes
1176 3746 1267 3811 inua-

167 4000 182 4049 2
201 3995 348 4049 defanatae
364 3992 418 4063 fet
428 3997 496 4063 post
512 4006 581 4046 corr.
600 4010 634 4059 p:
653 3989 785 4043 deftrnata
802 3988 845 4057 Fu
915 3994 931 4042 2
948 3988 1001 4042 iam
1018 3988 1132 4059 sampsi:
1150 3993 1230 4041 etnam
1242 3985 1271 4041 Ε

97 4096 112 4144 3
133 4089 313 4159 subscriptam
338 4094 391 4155 (go
410 4084 542 4139 falluftruf
556 4084 608 4153 legr
625 4083 649 4137 d
666 4082 772 4138 endam
795 4095 876 4135 rome.
899 4080 970 4135 felix.
990 4081 994 4148 Ι
1013 4082 1175 4150 Metaphora
1198 4095 1268 4134 mor·

96 4183 301 4252 phofeon.n1n.
325 4195 386 4233 rur.
405 4178 504 4247 explic.
522 4176 606 4248 Incrp
629 4192 702 4231 v1111.
731 4177 759 4230 rit
776 4175 805 4229 If
892 4180 907 4228 6
926 4175 1073 4244 contlhof
1153 4178 1185 4227 13
1203 4179 1270 4244 post

98 4272 154 4331 etia
171 4275 286 4330 deletam
303 4286 362 4343 gent
380 4274 409 4328 ia
426 4272 469 4341 Fp
558 4278 588 4326 16
606 4272 665 4326 loco
682 4271 773 4339 aliquo
790 4268 828 4322 Ρ
901 4269 975 4323 ruflrt
986 4272 1054 4338 port
1070 4267 1188 4321 elaufum
1205 4266 1268 4321 cdd.

98 4386 171 4424 maa.
183 4368 367 4423 recentissima
385 4367 413 4421 fn
423 4366 456 4431 F,
474 4383 524 4421 om.
536 4386 564 4434 p,
583 4366 657 4419 1ubet
674 4362 738 4418 cdd.
757 4379 873 4435 marpq
944 4365 977 4415 20
994 4360 1079 4414 nrchrl
1093 4360 1146 4430 sp:
1164 4359 1276 4413 nrlhan
