2934 4900
238 182 278 243 30
758 196 849 241 mern
871 196 897 241 11
977 230 981 234 Α

237 347 392 421 indusiati
419 367 562 431 gemmas
590 347 744 411 formatas
772 346 807 410 iu
835 347 951 432 pocula
983 346 1051 411 uini
1079 346 1197 440 uetusti
1226 344 1414 428 frequenter

168 444 184 471 ⁰
208 466 210 468 ’
238 460 363 525 offerre.
400 459 465 523 iarn
488 458 598 523 inlatis
620 457 795 523 luminibus
818 459 960 544 epularis
982 477 1087 524 senno
1110 457 1319 542 percrebruit,
1345 456 1413 522 iam

215 654 218 659 Ι
238 571 323 644 risus
345 569 491 636 adfluens
514 576 545 634 ct
567 569 627 634 ioci
650 569 803 634 liberales
825 576 857 634 et
878 569 1014 636 cauillus
1035 568 1111 633 hinc
1131 568 1217 634 inde.
1249 574 1318 632 tum
1339 567 1414 633 infit
1457 578 1458 665 3

239 680 281 746 ad
303 699 354 745 me
376 679 564 763 Byrrhaena
1457 676 1458 755 l

321 783 439 870 ‘Quam
466 789 631 858 commode
659 791 801 857 uersaris
830 790 864 855 in
891 799 1002 857 nostra
1031 792 1159 877 patria?
1196 790 1281 874 quod
1310 787 1414 854 sciam
1430 792 1458 851 5}

239 902 367 986 templis
390 908 421 966 et
442 900 582 966 lauacris
611 906 643 966 et
664 902 779 967 ceteris
801 901 954 986 operibus
982 902 1078 986 longe
1101 909 1233 968 cunctas
1261 903 1413 970 ciuitates
1457 914 1458 917 ’

239 1013 474 1095 antecellimus,
512 1011 695 1078 utensilium
730 1020 900 1097 praeterea
935 1013 1094 1097 pollemus
1131 1012 1277 1078 adfatim.
1326 1022 1414 1079 certe

238 1125 371 1191 libertas
385 1125 488 1190 otioso
511 1128 543 1188 et
563 1123 730 1205 negotioso
747 1122 876 1206 quidem
897 1122 1044 1189 aduenae
1058 1125 1205 1188 Romana
1218 1125 1413 1208 frequentia,
1457 1175 1458 1181 κ

240 1235 384 1302 modesto
406 1253 481 1299 uero
503 1231 624 1318 hospiti
648 1234 739 1316 quies
761 1233 920 1298 uillatioa:
954 1234 1040 1298 omni
1062 1233 1201 1319 denique
1223 1235 1414 1320 prouinciae

239 1345 412 1429 uoluptarii
437 1362 582 1410 secessus
606 1334 741 1410 sumus’
1433 1349 1451 1394 ¹¹¹

147 1458 214 1526 XX
321 1456 371 1520 Ad
386 1455 468 1520 haec
489 1473 549 1538 ego
565 1453 727 1520 subiciens
747 1445 840 1519 ‘uera
857 1472 1016 1518 memoras
1030 1474 1090 1520 nec
1112 1475 1248 1539 usquam
1263 1457 1413 1539 gentium

238 1568 342 1651 magis
371 1585 422 1630 me
449 1564 585 1630 liberum
614 1584 709 1647 quam
739 1563 791 1627 hic
820 1565 921 1633 fuisse
951 1564 1083 1632 credidi.
1120 1566 1175 1632 sed
1206 1566 1327 1651 oppido
1350 1567 1413 1632 for·

240 1677 324 1742 mido
346 1695 460 1742 caecas
484 1682 515 1740 et
535 1674 741 1741 ineuitabiles
763 1675 906 1741 latebras
928 1675 1073 1758 magicae
1094 1676 1297 1761 disciplinae.
1336 1698 1415 1742 nam

238 1808 279 1854 ne
300 1794 495 1852 mortuorum
525 1783 654 1870 quidem
677 1786 827 1869 sepulcra
848 1793 916 1850 tuta
948 1786 1097 1851 dicuntur
1119 1786 1178 1853 sed
1200 1795 1233 1853 ct
1252 1787 1360 1854 bustis
1384 1797 1415 1853 et

238 1899 326 1983 rogis
348 1897 504 1982 reliquiae
527 1895 685 1982 quaedam
708 1902 740 1960 et
761 1895 956 1961 cadauerum
984 1897 1213 1981 praesegmina
1233 1897 1276 1964 ad
1299 1899 1416 1962 exitia·
1433 1905 1458 1953 ii*

225 2003 322 2076 'biles
344 2007 521 2073 uiuentium
542 2007 688 2072 fortunas
710 2012 871 2093 petuntur.
908 2013 939 2071 et
961 2008 1154 2073 cantatrices
1178 2028 1260 2074 anus
1281 2007 1314 2072 in
1338 2009 1414 2092 ipso

240 2124 401 2185 momento
417 2117 560 2200 choragii
582 2116 704 2184 funeris
718 2117 865 2201 praepeti
880 2116 1043 2182 celeritate
1058 2118 1198 2183 alienam
1214 2118 1416 2203 sepulturam

241 2219 471 2298 anteuortunt.'

325 2337 384 2404 His
413 2338 493 2404 meis
522 2336 648 2403 addidit
676 2338 760 2403 alius
790 2330 901 2403 ‘immo
929 2358 1007 2403 uero
1034 2338 1107 2404 istic
1134 2357 1194 2404 uec
1226 2338 1416 2405 uiuentibus

241 2450 369 2533 quidem
385 2450 460 2516 ullis
481 2448 632 2535 parcitur.
670 2456 702 2513 et
722 2450 902 2533 nescioqui
926 2451 1030 2517 simile
1052 2469 1170 2534 passus
1192 2470 1247 2517 ore
1270 2450 1416 2536 undique
1431 2446 1457 2511 tu'

241 2561 444 2625 omnifariam
466 2560 642 2625 deformato
665 2566 831 2626 trrmcatus
854 2552 928 2627 est'

325 2672 411 2735 Inter
431 2670 514 2736 haec
527 2671 711 2735 conuiuium
732 2676 834 2735 toturn
855 2671 889 2734 in
911 2669 1096 2737 licentiosos
1114 2670 1288 2738 cachinnos
1312 2672 1416 2739 effun-

241 2780 327 2848 ditur
355 2782 560 2865 omuiumque
589 2801 645 2846 ora
676 2787 707 2846 et
734 2787 864 2864 optutus
892 2781 925 2845 in
954 2801 1052 2845 unum
1085 2782 1268 2865 quempiam
1290 2786 1415 2866 angulo

242 2892 448 2959 secubantem
478 2892 691 2957 conferuntur.
729 2892 784 2975 qui
812 2896 996 2956 cunctorum
1024 2890 1239 2958 obstinatione
1260 2892 1416 2960 confusus

241 3002 376 3087 indigna
398 3000 689 3067 murmurabundus
711 3022 782 3067 cum
804 3002 902 3066 uellet
924 3020 1079 3083 exurgere
1098 2994 1207 3067 ‘immo
1230 3002 1274 3067 mi
1295 3003 1456 3089 Thely-‘2i

241 3106 358 3198 phron’
391 3112 582 3196 Byrrhaena
609 3113 714 3196 inquit
739 3107 785 3178 ‘et
816 3112 954 3178 subsiste
982 3112 1148 3197 paulisper
1173 3120 1205 3179 et
1227 3132 1316 3179 more
1337 3121 1415 3180 tuae

246 3364 545 3372 Μ

313 3466 333 3563 ll
343 3496 447 3578 gemma
465 3510 488 3571 tf
503 3508 809 3563 odd.mauussecuudnt
827 3506 980 3561 formatas.
999 3508 1064 3618 (salit
1081 3506 1101 3567 ft
1121 3524 1148 3561 1n
1165 3508 1264 3577 pocula
1282 3508 1315 3573 F,
1336 3526 1414 3579 genna

242 3627 515 3696 formatalrmpocula
526 3634 571 3691 (rm
588 3644 659 3683 corr.
678 3644 715 3682 ecc
724 3632 772 3693 in),
782 3625 844 3682 add,
856 3627 978 3698 tomarp.
996 3644 1019 3682 c.
1034 3628 1124 3696 gemas
1136 3626 1292 3695 forlmatafi
1303 3630 1408 3696 pocula
1454 3645 1455 3666 i

243 3769 262 3819 φ
332 3709 482 3817 lpereburt
500 3767 534 3816 p:
552 3746 679 3817 pereburt
695 3747 724 3800 F
796 3751 811 3799 3
830 3745 945 3801 affluens
957 3746 1010 3815 F‘p
1080 3745 1192 3801 cabillnf
1208 3745 1249 3811 F,
1268 3746 1411 3815 cauillufp

243 3840 410 3911 thyrrhena
428 3840 456 3893 F
521 3823 634 3897 taffati
654 3841 682 3895 F
764 3840 881 3894 Sotiolc
900 3838 1070 3894 Beroaldus.-
1088 3841 1173 3895 otrofa
1192 3839 1235 3908 Fp
1328 3845 1362 3895 14
1380 3855 1412 3894 ne

243 3952 313 3991 corr.
331 3951 369 3989 etc
386 3950 427 3988 me
445 3936 473 3989 tn
490 3936 535 4004 Fp
576 3934 715 4005 sepulchra
732 3934 760 3987 F
849 3938 878 3986 rt
897 3934 1016 4001 choragii
1032 3933 1161 3988 Iuntina:
1187 3932 1269 3987 choro
1294 3948 1344 4002 agg
1370 3934 1411 4003 Fp

243 4029 314 4092 (duci
330 4028 424 4101 glossa
440 4041 526 4099 supra
543 4028 638 4083 addita
648 4029 675 4082 ab
693 4036 722 4097 pt
809 4032 841 4082 22
859 4028 1011 4083 licentiosos
1027 4028 1172 4083 cachinnos
1181 4024 1414 4099 Oudendorprbs:

242 4124 394 4177 licentrofuf
409 4124 551 4189 chachmn3
576 4122 604 4175 F
622 4127 648 4176 et
666 4142 685 4191 φ
703 4122 806 4183 (sedin
823 4142 843 4191 φ
861 4128 881 4174 tr
906 4123 934 4175 tu
952 4122 1081 4187 lrcenuof3
1099 4123 1128 4175 tn
1144 4126 1209 4185 ras.)
1296 4122 1333 4173 24
1364 4124 1414 4175 efe-

242 4241 312 4295 runt
329 4241 373 4312 Fp
442 4245 473 4295 25
493 4241 733 4296 murmurabundaf
749 4241 812 4294 Fet
828 4240 988 4295 addicares
1005 4239 1277 4311 iamarpinelduip
1333 4204 1411 4297 exdr-
1453 4235 1454 4298 i

243 4349 304 4403 gere
321 4334 350 4389 F
432 4338 463 4388 25
481 4333 596 4390 thehron
614 4335 642 4388 F
723 4340 756 4389 26
773 4334 947 4404 byrrhenaF
