2934 4900
240 216 305 305 112
651 268 656 280 .
756 233 847 280 nmnr
869 234 905 280 v1

126 380 220 448 XXV
327 382 380 448 Sic
402 384 552 468 captiuae
571 365 698 470 puellae
720 385 824 450 delira
845 393 877 451 et
894 387 1075 461 ‚temulenta
1094 387 1153 452 illa
1167 385 1331 452 narrabat
1353 384 1416 448 ani·

238 493 320 558 cula.
365 494 423 560 sed
450 502 561 563 astans
583 514 643 579 ego
666 517 730 560 non
759 497 870 581 procul
900 496 1050 562 dolebam
1073 515 1124 562 me
1146 497 1308 562 Hercules
1332 493 1415 578 quod

239 604 416 688 pugillares
439 611 471 670 et
492 605 599 671 stilum
627 626 692 671 non
721 606 882 672 habebam
910 608 985 691 quis
1012 614 1079 672 tam
1110 607 1230 672 bellam
1257 606 1412 672 fabellam

239 721 475 799 praenotarem
517 717 599 782 Ecce
622 717 766 782 confecto
789 717 900 784 nescio
922 738 985 801 quo
1006 717 1100 801 graui
1122 718 1244 802 proelio
1267 719 1411 782 latrones

239 824 416 892 adueniunt
437 826 553 907 onusti,
576 828 736 897 nonnulli
759 835 868 893 tamen
882 830 979 892 immo
1000 829 1216 912 promptiores
1231 826 1436 892 uulneratist

238 934 326 1000 domi
348 935 467 1002 relictis
489 943 521 1001 et
542 938 657 1021 plagas
680 939 904 1004 recurantibus
925 939 989 1022 ipsi
1010 938 1054 1003 ad
1075 939 1218 1023 reliquas
1233 938 1410 1002 occultatas

239 1047 274 1111 in
302 1046 441 1130 quadam
474 1048 629 1130 spelunca
664 1047 810 1114 sarcinas
843 1056 877 1113 ut
904 1049 1037 1114 aiebant
1064 1049 1226 1131 proticisci
1259 1049 1409 1132 gestiunt

239 1156 439 1240 prandioque
473 1158 590 1243 raptim
622 1159 826 1224 tuburcinato
854 1179 905 1224 me
934 1168 966 1225 et
986 1178 1104 1240 equum
1126 1178 1233 1224 meum
1267 1165 1410 1224 uectores

239 1286 346 1337 rerum
369 1268 496 1332 illarum
518 1269 641 1334 futuros
664 1268 802 1340 fustibus
825 1269 943 1335 exinde
965 1270 1137 1335 tundentes
1166 1249 1353 1354 producunt
1380 1270 1410 1331 in

196 1417 197 1424 1
238 1377 326 1441 uiam
358 1379 530 1462 multisque
567 1378 660 1445 cliuis
693 1385 724 1444 ct
756 1379 955 1445 anfractibus
987 1381 1138 1462 fatigatos
1171 1400 1273 1466 prope
1308 1381 1409 1464 ipsam
1424 1392 1445 1440 11

239 1507 410 1572 uesperam
447 1489 625 1573 perducunt
661 1489 705 1554 ad
741 1490 926 1574 quampiam
962 1491 1149 1575 speluncam
1182 1490 1269 1556 unde
1303 1490 1409 1555 multis

242 1604 375 1664 onustos
397 1598 493 1665 rebus
526 1621 652 1666 rursum
680 1620 721 1666 ne
756 1601 919 1666 breuiculo
949 1600 1078 1684 quidem
1109 1606 1253 1684 tempore
1275 1601 1409 1666 refectos

138 1735 140 1745 ⁴
244 1707 345 1773 obiter
367 1709 522 1775 reducunt
543 1717 697 1796 tantaque
720 1710 934 1795 trepidatione
956 1710 1155 1776 festinabant
1175 1717 1210 1774 ut
1232 1729 1284 1776 me
1304 1712 1408 1794 plagis

241 1819 349 1885 multis
372 1819 585 1887 obtundentes
607 1823 888 1906 propellentesque
904 1841 1001 1907 super
1015 1821 1157 1903 lapidem
1173 1827 1304 1907 propter
1328 1822 1408 1885 uiam

241 1931 380 2012 positum
411 1930 583 1996 deicerent.
621 1931 706 1996 unde
735 1932 856 1998 crebris
889 1952 992 2015 aeque
1020 1931 1156 2013 ingestis
1178 1932 1296 1996 ictibus
1320 1950 1408 1996 crure
1424 1934 1454 2017 ¹⁵}

243 2040 375 2108 dextero
399 2048 431 2106 et
452 2043 575 2125 ungula
608 2041 741 2108 sinistra
769 2063 821 2108 me
849 2042 1050 2107 debilitatum
1073 2061 1170 2126 aegre
1193 2041 1236 2106 ad
1257 2061 1410 2124 exurgen-

110 2147 223 2214 XXVI
244 2150 320 2216 dum
353 2153 557 2236 compellunt.
603 2159 634 2218 et
662 2173 745 2218 unus
771 2146 853 2235 ‘quo
883 2145 999 2234 usque'
1022 2152 1128 2235 inquit
1146 2145 1295 2236 ‘ruptum
1315 2153 1409 2218 istum

242 2263 379 2328 asellum
393 2281 479 2326 nunc
505 2262 601 2327 etiam
616 2262 766 2330 claudum
788 2263 907 2328 frustra
927 2256 1136 2345 pascemusl'
1161 2268 1194 2328 et
1215 2263 1298 2328 alius
1317 2255 1409 2345 ‘quid
1422 2270 1439 2336 p

245 2371 330 2457 quod
352 2378 384 2436 et
405 2373 546 2456 pessimo
569 2372 651 2458 pede
675 2372 805 2437 domum
826 2379 970 2438 nostram
993 2375 1130 2439 accessit
1160 2373 1408 2456 necquicquam

240 2483 351 2548 idonei
373 2483 452 2547 lucri
475 2484 593 2549 exinde
614 2485 759 2569 cepimus
782 2483 840 2549 sed
862 2487 997 2551 uulnera
1016 2493 1053 2550 'et
1075 2480 1443 2550 fortissimorumque

244 2588 377 2661 aiones'
416 2593 499 2659 alius
528 2594 642 2659 iterum
670 2587 775 2659 ‘certe
804 2615 865 2679 ego
896 2616 967 2660 cum
995 2597 1134 2680 primum
1163 2593 1309 2661 sarcinas
1332 2595 1407 2659 istas

244 2723 438 2787 quamquam
454 2704 575 2770 inuitus
589 2706 765 2789 pertulerit,
778 2707 924 2790 protinus
939 2725 1012 2770 eum
1028 2705 1178 2771 uulturiis
1192 2703 1406 2786 gratissimum

243 2814 397 2900 pabulum
419 2815 558 2879 fulsurum
580 2808 825 2900 praecipitabo'

327 2925 412 2989 Dum
429 2944 536 2991 secum
551 2924 713 2991 mitissimi
734 2926 883 2994 homines
899 2921 1055 2992 altercant
1078 2925 1119 2991 de
1140 2944 1215 2991 mea
1235 2944 1323 3007 nece,
1347 2924 1404 2987 iam

243 3042 274 3101 et
296 3035 425 3100 domum
445 3054 707 3120 perueneramus.
730 3058 805 3102 nam
827 3038 922 3101 timor
943 3037 1083 3119 ungulas
1098 3036 1177 3101 mihi
1191 3036 1263 3100 alas
1283 3035 1403 3099 fecerat
1418 3017 1452 3080 'lb

243 3153 310 3210 tum
344 3165 428 3229 quae
459 3144 641 3213 ferebamus
675 3147 798 3212 amoliti
827 3147 1005 3231 properiter
1027 3147 1118 3212 nulla
1140 3145 1254 3212 salutis
1284 3150 1404 3209 nostrae

243 3274 320 3321 cura
342 3262 390 3322 set
409 3274 452 3320 nc
474 3274 567 3320 meae
588 3256 718 3339 quidem
742 3258 831 3323 necis
859 3257 971 3323 habita
1002 3256 1172 3322 comitibus
1191 3254 1334 3336 adscitis,
1357 3253 1404 3335 qui

244 3366 403 3431 uulnerati
427 3373 658 3449 remanserant,
681 3365 801 3432 dudum
817 3374 992 3458 recurrunt,
1015 3368 1148 3433 relaturi
1162 3365 1279 3447 taedia,
1303 3372 1336 3429 ut
1348 3364 1403 3427 aie·

245 3477 331 3557 bant,
355 3482 485 3541 nostrae
499 3475 670 3543 tarditatis.
701 3497 761 3543 nec
776 3497 827 3543 me
842 3485 952 3544 tamen
968 3478 1139 3544 mediocris
1155 3476 1307 3561 carpebat
1324 3494 1403 3539 scru-

245 3587 340 3673 pulus
363 3586 633 3669 contemplatione
654 3589 867 3655 comminatae
890 3588 968 3653 mihi
998 3588 1109 3655 mortis
1140 3594 1172 3653 et
1200 3587 1271 3672 ipse
1292 3603 1402 3649 mecum
1417 3574 1442 3621 ³⁰

246 3760 360 3767 -...-.-

208 3917 214 3928 ‚
315 3858 410 3925 3quis
427 3857 541 3927 scripsi:
551 3874 576 3965 θ
593 3857 618 3907 F
632 3861 665 3921 ef,
692 3855 755 3911 odd.
780 3856 808 3910 ia
835 3873 922 3928 raorq.
940 3874 957 3909 1.
977 3872 1039 3924 quo,
1066 3876 1086 3924 φ
1179 3806 1248 3910 blflelb
1277 3854 1328 3917 (bel
1348 3849 1400 3906 adu.

246 3992 344 4031 manus
360 3975 488 4042 seeundo)
501 3976 531 4040 F,
551 3963 619 4044 uelli
637 3995 656 4043 φ
705 3996 712 4003 “
726 3979 743 4029 4
760 3981 795 4030 Gc
813 3976 842 4028 ia
853 3981 919 4028 ecce
937 3976 965 4028 iu
982 3990 1038 4029 rar.
1058 3974 1127 4039 r'aF,
1146 3989 1209 4029 ecce
1226 3996 1246 4044 φ
1296 3973 1345 4042 plo
1360 4001 1368 4023 ι
1382 3967 1405 4021 F

247 4095 431 4149 5uulnerat1f
447 4096 477 4165 f:
495 4094 628 4150 uulnerati
646 4094 689 4162 Fe
776 4093 925 4161 'legebant
942 4093 976 4161 F,
993 4056 1148 4163 augebantu
1235 4088 1327 4147 amet
1342 4087 1398 4144 defe-

248 4194 304 4242 tam
322 4189 351 4241 ia
369 4189 399 4250 F,
417 4204 469 4243 om.
487 4208 508 4257 φ
595 4192 625 4241 13
643 4186 832 4255 trepidatrolnc
853 4185 1017 4241 festinabant
1033 4189 1063 4241 ia
1079 4202 1134 4241 ras.
1153 4204 1171 4241 α
1188 4204 1260 4241 maa.
1277 4202 1326 4241 sec.
1344 4177 1404 4237 iol

249 4286 281 4335 22
300 4281 491 4350 quanquamF
554 4286 587 4335 23
605 4276 716 4350 pauulir,
734 4297 753 4334 u
770 4298 788 4334 a
804 4279 924 4335 remaclo
940 4296 1022 4335 marra
1035 4296 1107 4334 corr.
1127 4281 1156 4335 ia
1173 4280 1199 4345 b,
1217 4282 1243 4332 F
1309 4282 1340 4333 26
1355 4281 1400 4329 tm

248 4379 328 4442 quac]
346 4390 432 4445 eumq
451 4376 495 4444 Fp
583 4376 615 4427 28
632 4374 745 4429 relaturi
762 4374 854 4429 taedra
871 4373 977 4430 coques
993 4375 1165 4446 interpolati:
1179 4373 1289 4430 rdamn
1304 4365 1403 4443 tellus
