<?xml version="1.0" encoding="UTF-8"?>
<!DOCTYPE html PUBLIC "-//W3C//DTD XHTML 1.0 Transitional//EN"
    "http://www.w3.org/TR/xhtml1/DTD/xhtml1-transitional.dtd">
<html xmlns="http://www.w3.org/1999/xhtml" xml:lang="en" lang="en">
 <head>
  <title>
</title>
<meta http-equiv="Content-Type" content="text/html;charset=utf-8" />
  <meta name='ocr-system' content='tesseract 3.04.00' />
  <meta name='ocr-capabilities' content='ocr_page ocr_carea ocr_par ocr_line ocrx_word'/>
</head>
<body>
  <div class='ocr_page' id='page_1' title='image "./metamorphoseonl00eyssgoog/metamorphoseonl00eyssgoog_0236.png"; bbox 0 0 2934 4900; ppageno 0'>
   <div class='ocr_carea' id='block_1_1' title="bbox 167 248 828 317">
    <p class='ocr_par' dir='ltr' id='par_1_1' title="bbox 167 248 828 317">
     <span class='ocr_line' id='line_1_1' title="bbox 167 248 828 317; baseline 0.008 -7"><span class='ocrx_word' id='word_1_1' title='bbox 167 248 229 311; x_wconf 83' lang='grc'>224</span> <span class='ocrx_word' id='word_1_2' title='bbox 675 268 769 316; x_wconf 79' lang='lat' dir='ltr'><strong>uram</strong></span> <span class='ocrx_word' id='word_1_3' title='bbox 790 268 828 317; x_wconf 78' lang='grc' dir='ltr'><strong>ιιι</strong></span> 
     </span>
    </p>
   </div>
   <div class='ocr_carea' id='block_1_2' title="bbox 14 417 1435 3596">
    <p class='ocr_par' dir='ltr' id='par_1_2' title="bbox 14 417 1335 728">
     <span class='ocr_line' id='line_1_2' title="bbox 14 417 1335 507; baseline 0.002 -20"><span class='ocrx_word' id='word_1_4' title='bbox 14 417 170 487; x_wconf 87' lang='lat' dir='ltr'>XXVIIII</span> <span class='ocrx_word' id='word_1_5' title='bbox 254 418 297 483; x_wconf 81' lang='lat' dir='ltr'><strong>lu</strong></span> <span class='ocrx_word' id='word_1_6' title='bbox 317 438 393 485; x_wconf 90' lang='lat' dir='ltr'><strong>ecce</strong></span> <span class='ocrx_word' id='word_1_7' title='bbox 413 425 487 501; x_wconf 88' lang='lat' dir='ltr'><strong>post</strong></span> <span class='ocrx_word' id='word_1_8' title='bbox 507 419 679 501; x_wconf 88' lang='lat' dir='ltr'><strong>pauculum</strong></span> <span class='ocrx_word' id='word_1_9' title='bbox 701 426 828 507; x_wconf 89' lang='lat' dir='ltr'><strong>tempus</strong></span> <span class='ocrx_word' id='word_1_10' title='bbox 850 420 1026 505; x_wconf 79' lang='lat' dir='ltr'><strong>inopinatis</strong></span> <span class='ocrx_word' id='word_1_11' title='bbox 1050 428 1082 488; x_wconf 90' lang='lat' dir='ltr'><strong>et</strong></span> <span class='ocrx_word' id='word_1_12' title='bbox 1103 440 1335 507; x_wconf 81' lang='lat' dir='ltr'>usquequaque</span> 
     </span>
     <span class='ocr_line' id='line_1_3' title="bbox 132 528 1335 637; baseline 0.004 -44.121"><span class='ocrx_word' id='word_1_13' title='bbox 132 528 334 594; x_wconf 87' lang='lat' dir='ltr'><strong>mirificis</strong></span> <span class='ocrx_word' id='word_1_14' title='bbox 325 528 469 613; x_wconf 89' lang='lat' dir='ltr'><strong>rmperiis</strong></span> <span class='ocrx_word' id='word_1_15' title='bbox 491 528 586 595; x_wconf 86' lang='lat' dir='ltr'><strong>deum</strong></span> <span class='ocrx_word' id='word_1_16' title='bbox 607 550 718 598; x_wconf 88' lang='lat' dir='ltr'><strong>rursus</strong></span> <span class='ocrx_word' id='word_1_17' title='bbox 732 530 920 637; x_wconf 87' lang='lat' dir='ltr'><strong>interpeller</strong></span> <span class='ocrx_word' id='word_1_18' title='bbox 942 538 974 597; x_wconf 89' lang='lat' dir='ltr'><strong>et</strong></span> <span class='ocrx_word' id='word_1_19' title='bbox 995 550 1092 616; x_wconf 83' lang='lat' dir='ltr'><strong>cogor</strong></span> <span class='ocrx_word' id='word_1_20' title='bbox 1105 533 1233 599; x_wconf 90' lang='lat' dir='ltr'><strong>tertiam</strong></span> <span class='ocrx_word' id='word_1_21' title='bbox 1257 553 1335 618; x_wconf 86' lang='lat' dir='ltr'><strong>quo·</strong></span> 
     </span>
     <span class='ocr_line' id='line_1_4' title="bbox 161 639 1335 728; baseline 0.005 -25"><span class='ocrx_word' id='word_1_22' title='bbox 161 658 224 723; x_wconf 88' lang='lat' dir='ltr'><strong>quc</strong></span> <span class='ocrx_word' id='word_1_23' title='bbox 252 639 382 705; x_wconf 88' lang='lat' dir='ltr'><strong>teletam</strong></span> <span class='ocrx_word' id='word_1_24' title='bbox 411 646 608 724; x_wconf 88' lang='lat' dir='ltr'><strong>susceptare.</strong></span> <span class='ocrx_word' id='word_1_25' title='bbox 657 660 717 707; x_wconf 91' lang='lat' dir='ltr'><strong>nec</strong></span> <span class='ocrx_word' id='word_1_26' title='bbox 744 642 820 707; x_wconf 88' lang='lat' dir='ltr'><strong>lcui</strong></span> <span class='ocrx_word' id='word_1_27' title='bbox 838 661 915 707; x_wconf 89' lang='lat' dir='ltr'><strong>cura</strong></span> <span class='ocrx_word' id='word_1_28' title='bbox 942 642 1099 711; x_wconf 88' lang='lat' dir='ltr'><strong>sollicitus</strong></span> <span class='ocrx_word' id='word_1_29' title='bbox 1128 642 1186 710; x_wconf 87' lang='lat' dir='ltr'><strong>sed</strong></span> <span class='ocrx_word' id='word_1_30' title='bbox 1214 642 1335 728; x_wconf 91' lang='lat' dir='ltr'><strong>oppido</strong></span> 
     </span>
    </p>

    <p class='ocr_par' dir='ltr' id='par_1_3' title="bbox 94 750 1431 1388">
     <span class='ocr_line' id='line_1_5' title="bbox 94 750 1335 836; baseline 0.002 -19"><span class='ocrx_word' id='word_1_31' title='bbox 94 801 98 807; x_wconf 82' lang='lat'>.</span> <span class='ocrx_word' id='word_1_32' title='bbox 162 769 338 835; x_wconf 89' lang='lat' dir='ltr'><strong>suspensus</strong></span> <span class='ocrx_word' id='word_1_33' title='bbox 360 750 461 816; x_wconf 90' lang='lat' dir='ltr'><strong>animi</strong></span> <span class='ocrx_word' id='word_1_34' title='bbox 482 770 607 817; x_wconf 90' lang='lat' dir='ltr'><strong>mecum</strong></span> <span class='ocrx_word' id='word_1_35' title='bbox 629 751 701 836; x_wconf 90' lang='lat' dir='ltr'><strong>ipse</strong></span> <span class='ocrx_word' id='word_1_36' title='bbox 723 751 934 835; x_wconf 77' lang='lat' dir='ltr'><strong>cogitationes</strong></span> <span class='ocrx_word' id='word_1_37' title='bbox 957 752 1130 819; x_wconf 73' lang='lat' dir='ltr'><strong>exercitius</strong></span> <span class='ocrx_word' id='word_1_38' title='bbox 1150 752 1335 836; x_wconf 71' lang='lat' dir='ltr'><strong>cogitabam</strong></span> 
     </span>
     <span class='ocr_line' id='line_1_6' title="bbox 162 856 1382 957; baseline 0 -32"><span class='ocrx_word' id='word_1_39' title='bbox 162 880 300 945; x_wconf 82' lang='lat' dir='ltr'>quorsus</span> <span class='ocrx_word' id='word_1_40' title='bbox 322 880 408 926; x_wconf 89' lang='lat' dir='ltr'><strong>noua</strong></span> <span class='ocrx_word' id='word_1_41' title='bbox 429 860 509 927; x_wconf 90' lang='lat' dir='ltr'><strong>haec</strong></span> <span class='ocrx_word' id='word_1_42' title='bbox 531 868 564 928; x_wconf 91' lang='lat' dir='ltr'><strong>et</strong></span> <span class='ocrx_word' id='word_1_43' title='bbox 584 860 732 928; x_wconf 87' lang='lat' dir='ltr'><strong>inaudita</strong></span> <span class='ocrx_word' id='word_1_44' title='bbox 751 881 788 931; x_wconf 89' lang='lat' dir='ltr'><strong>se</strong></span> <span class='ocrx_word' id='word_1_45' title='bbox 810 862 996 957; x_wconf 83' lang='lat' dir='ltr'><strong>caelestium</strong></span> <span class='ocrx_word' id='word_1_46' title='bbox 1028 864 1208 948; x_wconf 82' lang='lat' dir='ltr'><strong>porrigeret</strong></span> <span class='ocrx_word' id='word_1_47' title='bbox 1229 856 1334 931; x_wconf 81' lang='lat' dir='ltr'><strong>inteu-</strong></span> <span class='ocrx_word' id='word_1_48' title='bbox 1368 876 1382 925; x_wconf 80' lang='lat'>5</span> 
     </span>
     <span class='ocr_line' id='line_1_7' title="bbox 161 969 1333 1056; baseline 0.005 -21"><span class='ocrx_word' id='word_1_49' title='bbox 161 972 216 1045; x_wconf 79' lang='lat' dir='ltr'><strong>tio,</strong></span> <span class='ocrx_word' id='word_1_50' title='bbox 239 969 317 1053; x_wconf 91' lang='lat' dir='ltr'><strong>quid</strong></span> <span class='ocrx_word' id='word_1_51' title='bbox 339 971 537 1038; x_wconf 87' lang='lat' dir='ltr'><strong>subcisiuum</strong></span> <span class='ocrx_word' id='word_1_52' title='bbox 559 972 709 1056; x_wconf 89' lang='lat' dir='ltr'><strong>quamuis</strong></span> <span class='ocrx_word' id='word_1_53' title='bbox 729 973 865 1041; x_wconf 79' lang='lat' dir='ltr'><strong>iteratae</strong></span> <span class='ocrx_word' id='word_1_54' title='bbox 886 972 958 1052; x_wconf 58' lang='lat' dir='ltr'><strong>iam,</strong></span> <span class='ocrx_word' id='word_1_55' title='bbox 974 972 1139 1039; x_wconf 77' lang='lat' dir='ltr'><strong>traditioni</strong></span> <span class='ocrx_word' id='word_1_56' title='bbox 1161 974 1333 1041; x_wconf 89' lang='lat' dir='ltr'><strong>remansis-</strong></span> 
     </span>
     <span class='ocr_line' id='line_1_8' title="bbox 162 1073 1431 1168; baseline 0.003 -21"><span class='ocrx_word' id='word_1_57' title='bbox 162 1088 216 1147; x_wconf 87' lang='lat' dir='ltr'><strong>tet.</strong></span> <span class='ocrx_word' id='word_1_58' title='bbox 259 1080 410 1147; x_wconf 88' lang='lat' dir='ltr'><strong>nimirum</strong></span> <span class='ocrx_word' id='word_1_59' title='bbox 431 1100 601 1168; x_wconf 82' lang='lat' dir='ltr'><strong>perperam</strong></span> <span class='ocrx_word' id='word_1_60' title='bbox 630 1084 684 1149; x_wconf 87' lang='lat' dir='ltr'><strong>uel</strong></span> <span class='ocrx_word' id='word_1_61' title='bbox 711 1083 819 1150; x_wconf 90' lang='lat' dir='ltr'><strong>minus</strong></span> <span class='ocrx_word' id='word_1_62' title='bbox 846 1083 942 1168; x_wconf 90' lang='lat' dir='ltr'><strong>plene</strong></span> <span class='ocrx_word' id='word_1_63' title='bbox 970 1084 1199 1150; x_wconf 91' lang='lat' dir='ltr'><strong>cousuluerunt</strong></span> <span class='ocrx_word' id='word_1_64' title='bbox 1226 1085 1260 1150; x_wconf 89' lang='lat' dir='ltr'><strong>in</strong></span> <span class='ocrx_word' id='word_1_65' title='bbox 1282 1104 1333 1151; x_wconf 88' lang='lat' dir='ltr'><strong>me</strong></span> <span class='ocrx_word' id='word_1_66' title='bbox 1426 1073 1431 1086; x_wconf 79' lang='lat'>&#39;</span> 
     </span>
     <span class='ocr_line' id='line_1_9' title="bbox 161 1190 1333 1279; baseline 0 -20"><span class='ocrx_word' id='word_1_67' title='bbox 161 1190 312 1259; x_wconf 88' lang='lat' dir='ltr'><strong>sacerdos</strong></span> <span class='ocrx_word' id='word_1_68' title='bbox 334 1198 468 1274; x_wconf 90' lang='lat' dir='ltr'><strong>uterque</strong></span> <span class='ocrx_word' id='word_1_69' title='bbox 489 1192 696 1259; x_wconf 88' lang='lat' dir='ltr'><strong>etHercules</strong></span> <span class='ocrx_word' id='word_1_70' title='bbox 722 1194 789 1259; x_wconf 86' lang='lat' dir='ltr'><strong>iam</strong></span> <span class='ocrx_word' id='word_1_71' title='bbox 824 1193 864 1260; x_wconf 91' lang='lat' dir='ltr'><strong>de</strong></span> <span class='ocrx_word' id='word_1_72' title='bbox 891 1190 955 1259; x_wconf 89' lang='lat' dir='ltr'><strong>fide</strong></span> <span class='ocrx_word' id='word_1_73' title='bbox 986 1213 1113 1277; x_wconf 91' lang='lat' dir='ltr'><strong>quoque</strong></span> <span class='ocrx_word' id='word_1_74' title='bbox 1134 1214 1245 1261; x_wconf 90' lang='lat' dir='ltr'><strong>eorum</strong></span> <span class='ocrx_word' id='word_1_75' title='bbox 1266 1194 1333 1279; x_wconf 87' lang='lat' dir='ltr'><strong>opi-</strong></span> 
     </span>
     <span class='ocr_line' id='line_1_10' title="bbox 161 1302 1333 1388; baseline 0.004 -22"><span class='ocrx_word' id='word_1_76' title='bbox 161 1302 232 1366; x_wconf 91' lang='lat' dir='ltr'><strong>nari</strong></span> <span class='ocrx_word' id='word_1_77' title='bbox 255 1304 445 1387; x_wconf 86' lang='lat' dir='ltr'><strong>coeptabam</strong></span> <span class='ocrx_word' id='word_1_78' title='bbox 472 1303 613 1387; x_wconf 88' lang='lat' dir='ltr'><strong>sequius.</strong></span> <span class='ocrx_word' id='word_1_79' title='bbox 657 1323 720 1388; x_wconf 93' lang='lat' dir='ltr'><strong>quo</strong></span> <span class='ocrx_word' id='word_1_80' title='bbox 749 1322 800 1369; x_wconf 90' lang='lat' dir='ltr'><strong>mc</strong></span> <span class='ocrx_word' id='word_1_81' title='bbox 828 1303 1031 1387; x_wconf 79' lang='lat' dir='ltr'><strong>cogitationis</strong></span> <span class='ocrx_word' id='word_1_82' title='bbox 1059 1311 1152 1371; x_wconf 90' lang='lat' dir='ltr'><strong>aestu</strong></span> <span class='ocrx_word' id='word_1_83' title='bbox 1179 1303 1333 1371; x_wconf 88' lang='lat' dir='ltr'><strong>fluctuan-</strong></span> 
     </span>
    </p>

    <p class='ocr_par' dir='ltr' id='par_1_4' title="bbox 63 1413 1435 3596">
     <span class='ocr_line' id='line_1_11' title="bbox 129 1413 1385 1498; baseline 0 -19"><span class='ocrx_word' id='word_1_84' title='bbox 129 1421 133 1427; x_wconf 83' lang='grc'><strong>’</strong></span> <span class='ocrx_word' id='word_1_85' title='bbox 161 1421 226 1479; x_wconf 87' lang='lat' dir='ltr'><strong>tem</strong></span> <span class='ocrx_word' id='word_1_86' title='bbox 248 1414 414 1479; x_wconf 90' lang='lat' dir='ltr'><strong>adinstar</strong></span> <span class='ocrx_word' id='word_1_87' title='bbox 436 1413 584 1481; x_wconf 86' lang='lat' dir='ltr'><strong>insaniae</strong></span> <span class='ocrx_word' id='word_1_88' title='bbox 605 1414 761 1498; x_wconf 85' lang='lat' dir='ltr'><strong>percitum</strong></span> <span class='ocrx_word' id='word_1_89' title='bbox 784 1414 830 1480; x_wconf 89' lang='lat' dir='ltr'><strong>sie</strong></span> <span class='ocrx_word' id='word_1_90' title='bbox 859 1414 1010 1481; x_wconf 82' lang='lat' dir='ltr'><strong>instruxit</strong></span> <span class='ocrx_word' id='word_1_91' title='bbox 1032 1424 1188 1481; x_wconf 85' lang='lat' dir='ltr'><strong>nocturna</strong></span> <span class='ocrx_word' id='word_1_92' title='bbox 1210 1414 1385 1481; x_wconf 84' lang='lat' dir='ltr'><strong>diuina-1⁰</strong></span> 
     </span>
     <span class='ocr_line' id='line_1_12' title="bbox 160 1523 539 1605; baseline -0.008 -15"><span class='ocrx_word' id='word_1_93' title='bbox 160 1526 248 1590; x_wconf 90' lang='lat' dir='ltr'><strong>tione</strong></span> <span class='ocrx_word' id='word_1_94' title='bbox 269 1525 412 1591; x_wconf 90' lang='lat' dir='ltr'><strong>clemens</strong></span> <span class='ocrx_word' id='word_1_95' title='bbox 433 1523 539 1605; x_wconf 84' lang='lat' dir='ltr'><strong>imago</strong></span> 
     </span>
     <span class='ocr_line' id='line_1_13' title="bbox 244 1625 1334 1719; baseline -0.002 -18"><span class='ocrx_word' id='word_1_96' title='bbox 244 1631 347 1701; x_wconf 84' lang='lat' dir='ltr'><strong>‘Nihil</strong></span> <span class='ocrx_word' id='word_1_97' title='bbox 379 1625 435 1701; x_wconf 88' lang='lat' dir='ltr'><strong>est&#39;</strong></span> <span class='ocrx_word' id='word_1_98' title='bbox 466 1632 570 1718; x_wconf 90' lang='lat' dir='ltr'><strong>inquit</strong></span> <span class='ocrx_word' id='word_1_99' title='bbox 594 1628 693 1718; x_wconf 90' lang='lat' dir='ltr'><strong>‘quod</strong></span> <span class='ocrx_word' id='word_1_100' title='bbox 726 1654 899 1701; x_wconf 87' lang='lat' dir='ltr'><strong>numerosa</strong></span> <span class='ocrx_word' id='word_1_101' title='bbox 926 1634 1010 1701; x_wconf 87' lang='lat' dir='ltr'><strong>serie</strong></span> <span class='ocrx_word' id='word_1_102' title='bbox 1045 1635 1212 1719; x_wconf 72' lang='lat' dir='ltr'><strong>refigionis</strong></span> <span class='ocrx_word' id='word_1_103' title='bbox 1239 1636 1334 1717; x_wconf 86' lang='lat' dir='ltr'>quasi</span> 
     </span>
     <span class='ocr_line' id='line_1_14' title="bbox 163 1744 1333 1831; baseline -0.001 -20"><span class='ocrx_word' id='word_1_104' title='bbox 163 1748 333 1831; x_wconf 86' lang='lat' dir='ltr'><strong>quicquam</strong></span> <span class='ocrx_word' id='word_1_105' title='bbox 354 1746 396 1811; x_wconf 91' lang='lat' dir='ltr'><strong>sit</strong></span> <span class='ocrx_word' id='word_1_106' title='bbox 416 1746 506 1830; x_wconf 92' lang='lat' dir='ltr'><strong>prius</strong></span> <span class='ocrx_word' id='word_1_107' title='bbox 522 1744 676 1812; x_wconf 89' lang='lat' dir='ltr'><strong>omissum</strong></span> <span class='ocrx_word' id='word_1_108' title='bbox 697 1752 849 1811; x_wconf 88' lang='lat' dir='ltr'><strong>terreare.</strong></span> <span class='ocrx_word' id='word_1_109' title='bbox 893 1745 971 1828; x_wconf 90' lang='lat' dir='ltr'><strong>quin</strong></span> <span class='ocrx_word' id='word_1_110' title='bbox 986 1744 1125 1811; x_wconf 88' lang='lat' dir='ltr'><strong>adsidua</strong></span> <span class='ocrx_word' id='word_1_111' title='bbox 1152 1746 1214 1811; x_wconf 87' lang='lat' dir='ltr'><strong>ista</strong></span> <span class='ocrx_word' id='word_1_112' title='bbox 1229 1746 1333 1811; x_wconf 89' lang='lat' dir='ltr'><strong>numi·</strong></span> 
     </span>
     <span class='ocr_line' id='line_1_15' title="bbox 163 1853 1333 1940; baseline -0.001 -19"><span class='ocrx_word' id='word_1_113' title='bbox 163 1878 239 1922; x_wconf 90' lang='lat' dir='ltr'><strong>num</strong></span> <span class='ocrx_word' id='word_1_114' title='bbox 261 1856 449 1939; x_wconf 82' lang='lat' dir='ltr'><strong>dignatIcne</strong></span> <span class='ocrx_word' id='word_1_115' title='bbox 471 1856 591 1921; x_wconf 90' lang='lat' dir='ltr'><strong>laetum</strong></span> <span class='ocrx_word' id='word_1_116' title='bbox 613 1874 749 1939; x_wconf 85' lang='lat' dir='ltr'><strong>capesse</strong></span> <span class='ocrx_word' id='word_1_117' title='bbox 769 1853 923 1938; x_wconf 84' lang='lat' dir='ltr'><strong>gaudium</strong></span> <span class='ocrx_word' id='word_1_118' title='bbox 952 1863 984 1922; x_wconf 86' lang='lat' dir='ltr'><strong>et</strong></span> <span class='ocrx_word' id='word_1_119' title='bbox 1011 1856 1119 1940; x_wconf 89' lang='lat' dir='ltr'><strong>potius</strong></span> <span class='ocrx_word' id='word_1_120' title='bbox 1146 1856 1257 1923; x_wconf 85' lang='lat' dir='ltr'><strong>exulta</strong></span> <span class='ocrx_word' id='word_1_121' title='bbox 1284 1863 1333 1921; x_wconf 93' lang='lat' dir='ltr'><strong>ter</strong></span> 
     </span>
     <span class='ocr_line' id='line_1_16' title="bbox 132 1950 1387 2051; baseline -0.001 -19"><span class='ocrx_word' id='word_1_122' title='bbox 132 1950 137 1959; x_wconf 56' lang='grc'><strong><em>’</em></strong></span> <span class='ocrx_word' id='word_1_123' title='bbox 162 1967 286 2033; x_wconf 85' lang='lat' dir='ltr'><strong>iuturus</strong></span> <span class='ocrx_word' id='word_1_124' title='bbox 308 1966 394 2051; x_wconf 91' lang='lat' dir='ltr'><strong>quod</strong></span> <span class='ocrx_word' id='word_1_125' title='bbox 407 1966 472 2031; x_wconf 68' lang='lat' dir='ltr'><strong>‘alii</strong></span> <span class='ocrx_word' id='word_1_126' title='bbox 492 1965 551 2030; x_wconf 87' lang='lat' dir='ltr'><strong>uel·</strong></span> <span class='ocrx_word' id='word_1_127' title='bbox 575 1966 675 2033; x_wconf 89' lang='lat' dir='ltr'><strong>semel</strong></span> <span class='ocrx_word' id='word_1_128' title='bbox 695 1966 753 2030; x_wconf 79' lang='lat' dir='ltr'><strong>uix</strong></span> <span class='ocrx_word' id='word_1_129' title='bbox 780 1964 979 2047; x_wconf 86' lang='lat' dir='ltr'><strong>conceditur,</strong></span> <span class='ocrx_word' id='word_1_130' title='bbox 1008 1973 1105 2050; x_wconf 87' lang='lat' dir='ltr'><strong>teque</strong></span> <span class='ocrx_word' id='word_1_131' title='bbox 1127 1964 1168 2031; x_wconf 90' lang='lat' dir='ltr'><strong>de</strong></span> <span class='ocrx_word' id='word_1_132' title='bbox 1188 1966 1250 2033; x_wconf 92' lang='lat' dir='ltr'><strong>istc</strong></span> <span class='ocrx_word' id='word_1_133' title='bbox 1272 1986 1334 2031; x_wconf 90' lang='lat' dir='ltr'><strong>nu·</strong></span> <span class='ocrx_word' id='word_1_134' title='bbox 1356 1973 1387 2021; x_wconf 77' lang='lat'><strong>15</strong></span> 
     </span>
     <span class='ocr_line' id='line_1_17' title="bbox 162 2068 1334 2161; baseline -0.002 -18"><span class='ocrx_word' id='word_1_135' title='bbox 162 2098 250 2143; x_wconf 90' lang='lat' dir='ltr'><strong>mero</strong></span> <span class='ocrx_word' id='word_1_136' title='bbox 277 2078 390 2143; x_wconf 89' lang='lat' dir='ltr'><strong>merito</strong></span> <span class='ocrx_word' id='word_1_137' title='bbox 418 2095 591 2161; x_wconf 88' lang='lat' dir='ltr'><strong>praesume</strong></span> <span class='ocrx_word' id='word_1_138' title='bbox 618 2094 746 2161; x_wconf 90' lang='lat' dir='ltr'><strong>semper</strong></span> <span class='ocrx_word' id='word_1_139' title='bbox 782 2068 930 2142; x_wconf 63' lang='lat' dir='ltr'><strong>beatum?</strong></span> <span class='ocrx_word' id='word_1_140' title='bbox 964 2082 1105 2142; x_wconf 88' lang='lat' dir='ltr'><strong>ceterum</strong></span> <span class='ocrx_word' id='word_1_141' title='bbox 1140 2076 1246 2141; x_wconf 82' lang='lat' dir='ltr'><strong>futura</strong></span> <span class='ocrx_word' id='word_1_142' title='bbox 1274 2076 1334 2141; x_wconf 89' lang='lat' dir='ltr'><strong>tibi</strong></span> 
     </span>
     <span class='ocr_line' id='line_1_18' title="bbox 162 2186 1334 2271; baseline -0.003 -15"><span class='ocrx_word' id='word_1_143' title='bbox 162 2208 326 2256; x_wconf 88' lang='lat' dir='ltr'><strong>sacrorum</strong></span> <span class='ocrx_word' id='word_1_144' title='bbox 347 2186 477 2252; x_wconf 88' lang='lat' dir='ltr'><strong>traditio</strong></span> <span class='ocrx_word' id='word_1_145' title='bbox 498 2186 743 2271; x_wconf 85' lang='lat' dir='ltr'><strong>pernecessaria</strong></span> <span class='ocrx_word' id='word_1_146' title='bbox 771 2193 820 2253; x_wconf 89' lang='lat' dir='ltr'><strong>cst</strong></span> <span class='ocrx_word' id='word_1_147' title='bbox 847 2186 875 2252; x_wconf 94' lang='lat' dir='ltr'><strong>si</strong></span> <span class='ocrx_word' id='word_1_148' title='bbox 902 2193 1007 2252; x_wconf 88' lang='lat' dir='ltr'><strong>tecum</strong></span> <span class='ocrx_word' id='word_1_149' title='bbox 1036 2205 1121 2251; x_wconf 91' lang='lat' dir='ltr'><strong>nunc</strong></span> <span class='ocrx_word' id='word_1_150' title='bbox 1150 2187 1263 2253; x_wconf 90' lang='lat' dir='ltr'><strong>saltem</strong></span> <span class='ocrx_word' id='word_1_151' title='bbox 1285 2206 1334 2253; x_wconf 90' lang='lat' dir='ltr'><strong>re·</strong></span> 
     </span>
     <span class='ocr_line' id='line_1_19' title="bbox 162 2295 1333 2385; baseline -0.002 -21"><span class='ocrx_word' id='word_1_152' title='bbox 162 2299 329 2385; x_wconf 88' lang='lat' dir='ltr'><strong>putaueris</strong></span> <span class='ocrx_word' id='word_1_153' title='bbox 351 2297 485 2363; x_wconf 87' lang='lat' dir='ltr'><strong>exuuias</strong></span> <span class='ocrx_word' id='word_1_154' title='bbox 506 2296 588 2364; x_wconf 85' lang='lat' dir='ltr'><strong>deae</strong></span> <span class='ocrx_word' id='word_1_155' title='bbox 610 2318 691 2381; x_wconf 89' lang='lat' dir='ltr'><strong>quas</strong></span> <span class='ocrx_word' id='word_1_156' title='bbox 713 2298 749 2361; x_wconf 88' lang='lat' dir='ltr'><strong>iu</strong></span> <span class='ocrx_word' id='word_1_157' title='bbox 771 2296 938 2380; x_wconf 88' lang='lat' dir='ltr'><strong>prouincia</strong></span> <span class='ocrx_word' id='word_1_158' title='bbox 960 2297 1126 2381; x_wconf 88' lang='lat' dir='ltr'><strong>sumpsisti</strong></span> <span class='ocrx_word' id='word_1_159' title='bbox 1154 2296 1188 2362; x_wconf 91' lang='lat' dir='ltr'><strong>in</strong></span> <span class='ocrx_word' id='word_1_160' title='bbox 1219 2295 1333 2363; x_wconf 91' lang='lat' dir='ltr'><strong>eodem</strong></span> 
     </span>
     <span class='ocr_line' id='line_1_20' title="bbox 161 2406 1334 2494; baseline -0.001 -18"><span class='ocrx_word' id='word_1_161' title='bbox 161 2410 237 2476; x_wconf 86' lang='lat' dir='ltr'><strong>iano</strong></span> <span class='ocrx_word' id='word_1_162' title='bbox 260 2408 425 2494; x_wconf 88' lang='lat' dir='ltr'><strong>depositas</strong></span> <span class='ocrx_word' id='word_1_163' title='bbox 452 2427 664 2494; x_wconf 89' lang='lat' dir='ltr'><strong>perseuerare</strong></span> <span class='ocrx_word' id='word_1_164' title='bbox 691 2426 752 2474; x_wconf 89' lang='lat' dir='ltr'><strong>nec</strong></span> <span class='ocrx_word' id='word_1_165' title='bbox 781 2413 813 2474; x_wconf 91' lang='lat' dir='ltr'><strong>et</strong></span> <span class='ocrx_word' id='word_1_166' title='bbox 833 2408 955 2474; x_wconf 88' lang='lat' dir='ltr'><strong>Romae</strong></span> <span class='ocrx_word' id='word_1_167' title='bbox 982 2406 1097 2474; x_wconf 89' lang='lat' dir='ltr'><strong>diebus</strong></span> <span class='ocrx_word' id='word_1_168' title='bbox 1126 2407 1334 2475; x_wconf 86' lang='lat' dir='ltr'><strong>sollemnibus</strong></span> 
     </span>
     <span class='ocr_line' id='line_1_21' title="bbox 162 2518 1435 2605; baseline 0.001 -20"><span class='ocrx_word' id='word_1_169' title='bbox 162 2521 215 2585; x_wconf 91' lang='lat' dir='ltr'><strong>uel</strong></span> <span class='ocrx_word' id='word_1_170' title='bbox 237 2520 422 2605; x_wconf 82' lang='lat' dir='ltr'><strong>supplicare</strong></span> <span class='ocrx_word' id='word_1_171' title='bbox 442 2519 489 2586; x_wconf 90' lang='lat' dir='ltr'><strong>eis</strong></span> <span class='ocrx_word' id='word_1_172' title='bbox 511 2520 564 2584; x_wconf 93' lang='lat' dir='ltr'><strong>uel</strong></span> <span class='ocrx_word' id='word_1_173' title='bbox 586 2538 657 2584; x_wconf 89' lang='lat' dir='ltr'><strong>cum</strong></span> <span class='ocrx_word' id='word_1_174' title='bbox 680 2528 887 2604; x_wconf 89' lang='lat' dir='ltr'><strong>praeceptum</strong></span> <span class='ocrx_word' id='word_1_175' title='bbox 910 2519 1012 2600; x_wconf 85' lang='lat' dir='ltr'><strong>tuerit,</strong></span> <span class='ocrx_word' id='word_1_176' title='bbox 1037 2518 1123 2584; x_wconf 87' lang='lat' dir='ltr'><strong>felici</strong></span> <span class='ocrx_word' id='word_1_177' title='bbox 1138 2518 1194 2583; x_wconf 92' lang='lat' dir='ltr'><strong>illo</strong></span> <span class='ocrx_word' id='word_1_178' title='bbox 1216 2519 1334 2584; x_wconf 87' lang='lat' dir='ltr'><strong>amictu</strong></span> <span class='ocrx_word' id='word_1_179' title='bbox 1352 2535 1388 2587; x_wconf 79' lang='lat' dir='ltr'><strong>ao</strong></span> <span class='ocrx_word' id='word_1_180' title='bbox 1433 2527 1435 2530; x_wconf 82' lang='grc'><strong>’</strong></span> 
     </span>
     <span class='ocr_line' id='line_1_22' title="bbox 162 2628 1335 2714; baseline -0.003 -19"><span class='ocrx_word' id='word_1_181' title='bbox 162 2629 317 2697; x_wconf 87' lang='lat' dir='ltr'><strong>illustrari</strong></span> <span class='ocrx_word' id='word_1_182' title='bbox 338 2650 446 2714; x_wconf 91' lang='lat' dir='ltr'><strong>posse.</strong></span> <span class='ocrx_word' id='word_1_183' title='bbox 489 2628 575 2714; x_wconf 89' lang='lat' dir='ltr'><strong>quod</strong></span> <span class='ocrx_word' id='word_1_184' title='bbox 596 2628 674 2695; x_wconf 84' lang='lat' dir='ltr'><strong>felix</strong></span> <span class='ocrx_word' id='word_1_185' title='bbox 695 2628 805 2712; x_wconf 88' lang='lat' dir='ltr'><strong>itaque</strong></span> <span class='ocrx_word' id='word_1_186' title='bbox 827 2648 865 2694; x_wconf 88' lang='lat' dir='ltr'><strong>ac</strong></span> <span class='ocrx_word' id='word_1_187' title='bbox 886 2629 1025 2694; x_wconf 87' lang='lat' dir='ltr'><strong>faustum</strong></span> <span class='ocrx_word' id='word_1_188' title='bbox 1047 2629 1253 2713; x_wconf 78' lang='lat' dir='ltr'><strong>salutareque</strong></span> <span class='ocrx_word' id='word_1_189' title='bbox 1274 2628 1335 2693; x_wconf 92' lang='lat' dir='ltr'><strong>tibi</strong></span> 
     </span>
     <span class='ocr_line' id='line_1_23' title="bbox 163 2738 1333 2824; baseline -0.004 -16"><span class='ocrx_word' id='word_1_190' title='bbox 163 2742 214 2824; x_wconf 86' lang='lat' dir='ltr'><strong>sit,</strong></span> <span class='ocrx_word' id='word_1_191' title='bbox 238 2741 346 2807; x_wconf 89' lang='lat' dir='ltr'><strong>animo</strong></span> <span class='ocrx_word' id='word_1_192' title='bbox 368 2739 513 2824; x_wconf 88' lang='lat' dir='ltr'><strong>gaudiali</strong></span> <span class='ocrx_word' id='word_1_193' title='bbox 535 2759 660 2805; x_wconf 91' lang='lat' dir='ltr'><strong>rursum</strong></span> <span class='ocrx_word' id='word_1_194' title='bbox 689 2739 791 2806; x_wconf 89' lang='lat' dir='ltr'><strong>sacris</strong></span> <span class='ocrx_word' id='word_1_195' title='bbox 820 2738 949 2804; x_wconf 90' lang='lat' dir='ltr'><strong>initiare</strong></span> <span class='ocrx_word' id='word_1_196' title='bbox 979 2738 1049 2804; x_wconf 90' lang='lat' dir='ltr'><strong>deis</strong></span> <span class='ocrx_word' id='word_1_197' title='bbox 1077 2739 1205 2823; x_wconf 81' lang='lat' dir='ltr'><strong>magnis</strong></span> <span class='ocrx_word' id='word_1_198' title='bbox 1227 2745 1333 2804; x_wconf 89' lang='lat' dir='ltr'><strong>aucto-</strong></span> 
     </span>
     <span class='ocr_line' id='line_1_24' title="bbox 161 2843 270 2918; baseline 0.009 -1"><span class='ocrx_word' id='word_1_199' title='bbox 161 2843 270 2918; x_wconf 72' lang='lat' dir='ltr'><strong>ribus.³</strong></span> 
     </span>
     <span class='ocr_line' id='line_1_25' title="bbox 63 2955 1335 3040; baseline 0.001 -18"><span class='ocrx_word' id='word_1_200' title='bbox 63 2955 163 3022; x_wconf 85' lang='lat' dir='ltr'><strong>XXX</strong></span> <span class='ocrx_word' id='word_1_201' title='bbox 249 2961 413 3027; x_wconf 85' lang='lat' dir='ltr'><strong>Hactenus</strong></span> <span class='ocrx_word' id='word_1_202' title='bbox 441 2960 546 3026; x_wconf 84' lang='lat' dir='ltr'><strong>diuini</strong></span> <span class='ocrx_word' id='word_1_203' title='bbox 573 2960 691 3027; x_wconf 90' lang='lat' dir='ltr'><strong>somnii</strong></span> <span class='ocrx_word' id='word_1_204' title='bbox 717 2957 822 3026; x_wconf 89' lang='lat' dir='ltr'><strong>suada</strong></span> <span class='ocrx_word' id='word_1_205' title='bbox 851 2959 1004 3026; x_wconf 90' lang='lat' dir='ltr'><strong>maiestas</strong></span> <span class='ocrx_word' id='word_1_206' title='bbox 1033 2958 1119 3040; x_wconf 90' lang='lat' dir='ltr'><strong>quod</strong></span> <span class='ocrx_word' id='word_1_207' title='bbox 1146 2978 1225 3026; x_wconf 90' lang='lat' dir='ltr'><strong>usus</strong></span> <span class='ocrx_word' id='word_1_208' title='bbox 1252 2958 1335 3023; x_wconf 86' lang='lat' dir='ltr'><strong>foret</strong></span> 
     </span>
     <span class='ocr_line' id='line_1_26' title="bbox 160 3069 1389 3158; baseline -0.003 -20"><span class='ocrx_word' id='word_1_209' title='bbox 160 3071 390 3158; x_wconf 88' lang='lat' dir='ltr'><strong>pronuntiauit.</strong></span> <span class='ocrx_word' id='word_1_210' title='bbox 428 3090 494 3137; x_wconf 88' lang='lat' dir='ltr'><strong>nec</strong></span> <span class='ocrx_word' id='word_1_211' title='bbox 515 3069 668 3156; x_wconf 88' lang='lat' dir='ltr'><strong>deinceps</strong></span> <span class='ocrx_word' id='word_1_212' title='bbox 690 3069 869 3155; x_wconf 89' lang='lat' dir='ltr'><strong>postposito</strong></span> <span class='ocrx_word' id='word_1_213' title='bbox 897 3070 950 3134; x_wconf 91' lang='lat' dir='ltr'><strong>uel</strong></span> <span class='ocrx_word' id='word_1_214' title='bbox 981 3069 1015 3135; x_wconf 88' lang='lat' dir='ltr'><strong>iu</strong></span> <span class='ocrx_word' id='word_1_215' title='bbox 1037 3069 1186 3153; x_wconf 89' lang='lat' dir='ltr'><strong>supinam</strong></span> <span class='ocrx_word' id='word_1_216' title='bbox 1208 3087 1335 3154; x_wconf 86' lang='lat' dir='ltr'><strong>precra·</strong></span> <span class='ocrx_word' id='word_1_217' title='bbox 1353 3093 1389 3143; x_wconf 78' lang='lat'><strong>25</strong></span> 
     </span>
     <span class='ocr_line' id='line_1_27' title="bbox 162 3178 1334 3264; baseline -0.002 -16"><span class='ocrx_word' id='word_1_218' title='bbox 162 3183 370 3250; x_wconf 82' lang='lat' dir='ltr'><strong>stipationem</strong></span> <span class='ocrx_word' id='word_1_219' title='bbox 391 3181 509 3246; x_wconf 86' lang='lat' dir='ltr'><strong>reiecto</strong></span> <span class='ocrx_word' id='word_1_220' title='bbox 531 3183 661 3264; x_wconf 81' lang='lat' dir='ltr'><strong>negotio</strong></span> <span class='ocrx_word' id='word_1_221' title='bbox 685 3179 794 3246; x_wconf 89' lang='lat' dir='ltr'><strong>statim</strong></span> <span class='ocrx_word' id='word_1_222' title='bbox 826 3178 985 3246; x_wconf 88' lang='lat' dir='ltr'><strong>sacerdoti</strong></span> <span class='ocrx_word' id='word_1_223' title='bbox 1013 3198 1085 3245; x_wconf 91' lang='lat' dir='ltr'><strong>meo</strong></span> <span class='ocrx_word' id='word_1_224' title='bbox 1115 3179 1226 3246; x_wconf 88' lang='lat' dir='ltr'><strong>relatis</strong></span> <span class='ocrx_word' id='word_1_225' title='bbox 1249 3198 1334 3263; x_wconf 89' lang='lat' dir='ltr'><strong>quae</strong></span> 
     </span>
     <span class='ocr_line' id='line_1_28' title="bbox 161 3288 1334 3375; baseline -0.002 -18"><span class='ocrx_word' id='word_1_226' title='bbox 161 3293 318 3368; x_wconf 87' lang='lat' dir='ltr'><strong>uideram,</strong></span> <span class='ocrx_word' id='word_1_227' title='bbox 340 3291 504 3357; x_wconf 89' lang='lat' dir='ltr'><strong>inanimae</strong></span> <span class='ocrx_word' id='word_1_228' title='bbox 525 3291 672 3375; x_wconf 89' lang='lat' dir='ltr'><strong>protinus</strong></span> <span class='ocrx_word' id='word_1_229' title='bbox 694 3289 905 3357; x_wconf 79' lang='lat' dir='ltr'><strong>castimoniae</strong></span> <span class='ocrx_word' id='word_1_230' title='bbox 932 3291 1041 3373; x_wconf 87' lang='lat' dir='ltr'><strong>iugum</strong></span> <span class='ocrx_word' id='word_1_231' title='bbox 1073 3288 1173 3355; x_wconf 89' lang='lat' dir='ltr'><strong>subeo</strong></span> <span class='ocrx_word' id='word_1_232' title='bbox 1204 3295 1235 3355; x_wconf 92' lang='lat' dir='ltr'><strong>et</strong></span> <span class='ocrx_word' id='word_1_233' title='bbox 1260 3290 1334 3372; x_wconf 86' lang='lat' dir='ltr'><strong>lege</strong></span> 
     </span>
     <span class='ocr_line' id='line_1_29' title="bbox 162 3398 1335 3488; baseline -0.003 -21"><span class='ocrx_word' id='word_1_234' title='bbox 162 3408 320 3488; x_wconf 87' lang='lat' dir='ltr'><strong>perpetua</strong></span> <span class='ocrx_word' id='word_1_235' title='bbox 352 3401 561 3486; x_wconf 87' lang='lat' dir='ltr'><strong>praescriptis</strong></span> <span class='ocrx_word' id='word_1_236' title='bbox 593 3401 659 3467; x_wconf 91' lang='lat' dir='ltr'><strong>illis</strong></span> <span class='ocrx_word' id='word_1_237' title='bbox 692 3401 804 3468; x_wconf 89' lang='lat' dir='ltr'><strong>decem</strong></span> <span class='ocrx_word' id='word_1_238' title='bbox 841 3398 955 3466; x_wconf 89' lang='lat' dir='ltr'><strong>diebus</strong></span> <span class='ocrx_word' id='word_1_239' title='bbox 988 3399 1128 3484; x_wconf 91' lang='lat' dir='ltr'><strong>spontali</strong></span> <span class='ocrx_word' id='word_1_240' title='bbox 1158 3399 1335 3466; x_wconf 87' lang='lat' dir='ltr'><strong>sobrietate</strong></span> 
     </span>
     <span class='ocr_line' id='line_1_30' title="bbox 163 3508 1334 3596; baseline -0.002 -20"><span class='ocrx_word' id='word_1_241' title='bbox 163 3511 384 3596; x_wconf 90' lang='lat' dir='ltr'><strong>multiplicatis</strong></span> <span class='ocrx_word' id='word_1_242' title='bbox 405 3517 592 3579; x_wconf 83' lang='lat' dir='ltr'><strong>instructum</strong></span> <span class='ocrx_word' id='word_1_243' title='bbox 614 3513 732 3578; x_wconf 88' lang='lat' dir='ltr'><strong>teletae</strong></span> <span class='ocrx_word' id='word_1_244' title='bbox 756 3529 905 3595; x_wconf 89' lang='lat' dir='ltr'><strong>comparo</strong></span> <span class='ocrx_word' id='word_1_245' title='bbox 927 3509 1060 3594; x_wconf 85' lang='lat' dir='ltr'><strong>largius,</strong></span> <span class='ocrx_word' id='word_1_246' title='bbox 1078 3529 1118 3575; x_wconf 87' lang='lat' dir='ltr'><strong>ex</strong></span> <span class='ocrx_word' id='word_1_247' title='bbox 1139 3508 1245 3575; x_wconf 88' lang='lat' dir='ltr'><strong>studio</strong></span> <span class='ocrx_word' id='word_1_248' title='bbox 1267 3509 1334 3594; x_wconf 87' lang='lat' dir='ltr'><strong>pie·</strong></span> 
     </span>
    </p>
   </div>
   <div class='ocr_carea' id='block_1_3' title="bbox 163 3618 1392 3706">
    <p class='ocr_par' dir='ltr' id='par_1_5' title="bbox 163 3618 1392 3706">
     <span class='ocr_line' id='line_1_31' title="bbox 163 3618 1392 3706; baseline -0.001 -18"><span class='ocrx_word' id='word_1_249' title='bbox 163 3623 239 3690; x_wconf 89' lang='lat' dir='ltr'><strong>tatis</strong></span> <span class='ocrx_word' id='word_1_250' title='bbox 261 3621 367 3706; x_wconf 84' lang='lat' dir='ltr'><strong>magis</strong></span> <span class='ocrx_word' id='word_1_251' title='bbox 389 3642 486 3706; x_wconf 90' lang='lat' dir='ltr'><strong>quam</strong></span> <span class='ocrx_word' id='word_1_252' title='bbox 507 3641 658 3688; x_wconf 88' lang='lat' dir='ltr'><strong>mensura</strong></span> <span class='ocrx_word' id='word_1_253' title='bbox 679 3621 776 3688; x_wconf 90' lang='lat' dir='ltr'><strong>rebus</strong></span> <span class='ocrx_word' id='word_1_254' title='bbox 799 3621 933 3687; x_wconf 87' lang='lat' dir='ltr'><strong>collatis.</strong></span> <span class='ocrx_word' id='word_1_255' title='bbox 977 3639 1037 3686; x_wconf 90' lang='lat' dir='ltr'><strong>nec</strong></span> <span class='ocrx_word' id='word_1_256' title='bbox 1059 3619 1214 3687; x_wconf 88' lang='lat' dir='ltr'><strong>Hercules</strong></span> <span class='ocrx_word' id='word_1_257' title='bbox 1242 3618 1334 3685; x_wconf 89' lang='lat' dir='ltr'><strong>labo·</strong></span> <span class='ocrx_word' id='word_1_258' title='bbox 1354 3635 1392 3687; x_wconf 84' lang='lat' dir='ltr'><strong>uo</strong></span> 
     </span>
    </p>
   </div>
   <div class='ocr_carea' id='block_1_4' title="bbox 161 3877 1339 4141">
    <p class='ocr_par' dir='ltr' id='par_1_6' title="bbox 161 3877 1339 4141">
     <span class='ocr_line' id='line_1_32' title="bbox 230 3877 1339 3954; baseline -0.008 -14"><span class='ocrx_word' id='word_1_259' title='bbox 230 3887 418 3954; x_wconf 82' lang='lat' dir='ltr'><strong>3lusceptare</strong></span> <span class='ocrx_word' id='word_1_260' title='bbox 442 3883 596 3941; x_wconf 77' lang='lat' dir='ltr'><strong>Wcmerus:</strong></span> <span class='ocrx_word' id='word_1_261' title='bbox 619 3881 745 3936; x_wconf 85' lang='lat' dir='ltr'><strong>lulcrtare</strong></span> <span class='ocrx_word' id='word_1_262' title='bbox 762 3881 791 3934; x_wconf 99' lang='lat' dir='ltr'><em>F</em></span> <span class='ocrx_word' id='word_1_263' title='bbox 877 3877 1027 3952; x_wconf 75' lang='lat' dir='ltr'><strong>aceptabi</strong></span> <span class='ocrx_word' id='word_1_264' title='bbox 1049 3880 1077 3936; x_wconf 93' lang='lat' dir='ltr'><em>F</em></span> <span class='ocrx_word' id='word_1_265' title='bbox 1160 3883 1190 3933; x_wconf 80' lang='grc'>12</span> <span class='ocrx_word' id='word_1_266' title='bbox 1209 3877 1292 3932; x_wconf 87' lang='lat' dir='ltr'><strong>urchrl</strong></span> <span class='ocrx_word' id='word_1_267' title='bbox 1309 3878 1339 3932; x_wconf 90' lang='lat' dir='ltr'><em>F</em></span> 
     </span>
     <span class='ocr_line' id='line_1_33' title="bbox 161 3973 1335 4049; baseline -0.006 -16"><span class='ocrx_word' id='word_1_268' title='bbox 161 3979 207 4049; x_wconf 80' lang='lat' dir='ltr'><strong>iqd</strong></span> <span class='ocrx_word' id='word_1_269' title='bbox 224 3977 253 4033; x_wconf 88' lang='lat' dir='ltr'><em>F</em></span> <span class='ocrx_word' id='word_1_270' title='bbox 334 3982 365 4033; x_wconf 83' lang='lat'><strong>13</strong></span> <span class='ocrx_word' id='word_1_271' title='bbox 383 3973 467 4048; x_wconf 78' lang='lat' dir='ltr'><strong>qlqut</strong></span> <span class='ocrx_word' id='word_1_272' title='bbox 483 3977 512 4032; x_wconf 92' lang='lat' dir='ltr'><em>F</em></span> <span class='ocrx_word' id='word_1_273' title='bbox 574 3979 692 4030; x_wconf 85' lang='lat' dir='ltr'><strong>terreare</strong></span> <span class='ocrx_word' id='word_1_274' title='bbox 708 3975 810 4047; x_wconf 78' lang='lat' dir='ltr'><strong>culpo:</strong></span> <span class='ocrx_word' id='word_1_275' title='bbox 825 3981 904 4044; x_wconf 67' lang='lat' dir='ltr'><strong>arere</strong></span> <span class='ocrx_word' id='word_1_276' title='bbox 921 3977 946 4027; x_wconf 87' lang='lat' dir='ltr'><em>F</em></span> <span class='ocrx_word' id='word_1_277' title='bbox 1024 3978 1053 4030; x_wconf 80' lang='grc'><strong>18</strong></span> <span class='ocrx_word' id='word_1_278' title='bbox 1072 3973 1223 4029; x_wconf 83' lang='lat' dir='ltr'><strong>exubralF</strong></span> <span class='ocrx_word' id='word_1_279' title='bbox 1302 3976 1335 4026; x_wconf 85' lang='grc'><strong>19</strong></span> 
     </span>
     <span class='ocr_line' id='line_1_34' title="bbox 162 4066 1334 4141; baseline -0.007 -16"><span class='ocrx_word' id='word_1_280' title='bbox 162 4071 229 4126; x_wconf 85' lang='lat' dir='ltr'><strong>func</strong></span> <span class='ocrx_word' id='word_1_281' title='bbox 247 4071 291 4141; x_wconf 78' lang='lat' dir='ltr'><strong>Fp</strong></span> <span class='ocrx_word' id='word_1_282' title='bbox 366 4075 398 4126; x_wconf 85' lang='grc'>20</span> <span class='ocrx_word' id='word_1_283' title='bbox 416 4072 449 4125; x_wconf 84' lang='grc' dir='ltr'><strong>ιι1</strong></span> <span class='ocrx_word' id='word_1_284' title='bbox 465 4071 506 4124; x_wconf 91' lang='lat' dir='ltr'><strong>F·</strong></span> <span class='ocrx_word' id='word_1_285' title='bbox 556 4073 589 4124; x_wconf 90' lang='grc'><strong>22</strong></span> <span class='ocrx_word' id='word_1_286' title='bbox 609 4068 682 4123; x_wconf 82' lang='lat' dir='ltr'><strong>ditF</strong></span> <span class='ocrx_word' id='word_1_287' title='bbox 750 4072 783 4122; x_wconf 84' lang='grc'>24</span> <span class='ocrx_word' id='word_1_288' title='bbox 801 4074 889 4138; x_wconf 77' lang='lat' dir='ltr'><strong>actem</strong></span> <span class='ocrx_word' id='word_1_289' title='bbox 907 4067 935 4123; x_wconf 93' lang='lat' dir='ltr'><em>F</em></span> <span class='ocrx_word' id='word_1_290' title='bbox 999 4072 1032 4123; x_wconf 83' lang='grc'>29</span> <span class='ocrx_word' id='word_1_291' title='bbox 1049 4066 1157 4136; x_wconf 84' lang='lat' dir='ltr'><strong>teletae]</strong></span> <span class='ocrx_word' id='word_1_292' title='bbox 1175 4080 1208 4122; x_wconf 90' lang='lat' dir='ltr'><strong>ac</strong></span> <span class='ocrx_word' id='word_1_293' title='bbox 1225 4066 1334 4136; x_wconf 74' lang='lat' dir='ltr'><strong>leth,</strong></span> 
     </span>
    </p>
   </div>
   <div class='ocr_carea' id='block_1_5' title="bbox 164 4181 1335 4298">
    <p class='ocr_par' dir='ltr' id='par_1_7' title="bbox 164 4181 1335 4298">
     <span class='ocr_line' id='line_1_35' title="bbox 164 4181 1335 4298; baseline -0.003 -54"><span class='ocrx_word' id='word_1_294' title='bbox 164 4206 197 4245; x_wconf 87' lang='lat' dir='ltr'><strong>ac</strong></span> <span class='ocrx_word' id='word_1_295' title='bbox 198 4190 327 4298; x_wconf 72' lang='lat' dir='ltr'><strong>legep</strong></span> <span class='ocrx_word' id='word_1_296' title='bbox 412 4189 513 4257; x_wconf 80' lang='lat' dir='ltr'><strong>largius</strong></span> <span class='ocrx_word' id='word_1_297' title='bbox 539 4185 770 4242; x_wconf 81' lang='lat' dir='ltr'><strong>Flmccbcrstius:</strong></span> <span class='ocrx_word' id='word_1_298' title='bbox 799 4186 912 4256; x_wconf 77' lang='lat' dir='ltr'><strong>largitat</strong></span> <span class='ocrx_word' id='word_1_299' title='bbox 932 4187 961 4266; x_wconf 85' lang='lat' dir='ltr'><em>F</em></span> <span class='ocrx_word' id='word_1_300' title='bbox 1054 4191 1086 4240; x_wconf 87' lang='lat'><strong>30</strong></span> <span class='ocrx_word' id='word_1_301' title='bbox 1110 4181 1164 4256; x_wconf 79' lang='lat' dir='ltr'><strong>qud</strong></span> <span class='ocrx_word' id='word_1_302' title='bbox 1186 4185 1335 4250; x_wconf 62' lang='lat' dir='ltr'><strong>mensurati</strong></span> 
     </span>
    </p>
   </div>
   <div class='ocr_carea' id='block_1_6' title="bbox 165 4260 1335 4462">
    <p class='ocr_par' dir='ltr' id='par_1_8' title="bbox 165 4260 1335 4455">
     <span class='ocr_line' id='line_1_36' title="bbox 165 4260 1335 4396; baseline -0.004 -34"><span class='ocrx_word' id='word_1_303' title='bbox 165 4260 260 4362; x_wconf 84' lang='lat' dir='ltr'><strong>chatrt</strong></span> <span class='ocrx_word' id='word_1_304' title='bbox 275 4307 308 4373; x_wconf 87' lang='lat' dir='ltr'><strong>F,</strong></span> <span class='ocrx_word' id='word_1_305' title='bbox 327 4322 408 4376; x_wconf 88' lang='lat' dir='ltr'><strong>quam</strong></span> <span class='ocrx_word' id='word_1_306' title='bbox 425 4308 538 4371; x_wconf 74' lang='lat' dir='ltr'><strong>mturazt</strong></span> <span class='ocrx_word' id='word_1_307' title='bbox 557 4307 689 4377; x_wconf 62' lang='lat' dir='ltr'><strong>emera,</strong></span> <span class='ocrx_word' id='word_1_308' title='bbox 706 4321 788 4376; x_wconf 87' lang='lat' dir='ltr'><strong>quam</strong></span> <span class='ocrx_word' id='word_1_309' title='bbox 805 4321 931 4396; x_wconf 85' lang='lat' dir='ltr'><strong>mensura</strong></span> <span class='ocrx_word' id='word_1_310' title='bbox 947 4306 1028 4361; x_wconf 91' lang='lat' dir='ltr'><strong>rebus</strong></span> <span class='ocrx_word' id='word_1_311' title='bbox 1046 4304 1151 4360; x_wconf 87' lang='lat' dir='ltr'><strong>collatis</strong></span> <span class='ocrx_word' id='word_1_312' title='bbox 1176 4306 1273 4378; x_wconf 79' lang='lat' dir='ltr'><strong>culpo,</strong></span> <span class='ocrx_word' id='word_1_313' title='bbox 1298 4321 1335 4358; x_wconf 82' lang='lat' dir='ltr'><strong>aa</strong></span> 
     </span>
     <span class='ocr_line' id='line_1_37' title="bbox 166 4398 650 4462; baseline 0 -10"><span class='ocrx_word' id='word_1_314' title='bbox 166 4401 297 4454; x_wconf 73' lang='lat' dir='ltr'><strong>mensura</strong></span> <span class='ocrx_word' id='word_1_315' title='bbox 305 4416 419 4455; x_wconf 90' lang='lat' dir='ltr'><strong>rerum.</strong></span> <span class='ocrx_word' id='word_1_316' title='bbox 438 4398 650 4462; x_wconf 82' lang='lat' dir='ltr'><strong>..collatrt?</strong></span> 
     </span>
    </p>
   </div>
   <div class='ocr_carea' id='block_1_7' title="bbox 0 0 1474 4900">
    <p class='ocr_par' dir='ltr' id='par_1_9' title="bbox 0 0 1474 4900">
     <span class='ocr_line' id='line_1_38' title="bbox 0 0 1474 4900; baseline 0 0"><span class='ocrx_word' id='word_1_317' title='bbox 0 0 1474 4900; x_wconf 95' lang='lat' dir='ltr'><strong> </strong></span> 
     </span>
    </p>
   </div>
  </div>
 </body>
</html>
