2934 4900
344 274 417 322 ene.
439 272 709 352 xxxx-nnuma
733 275 827 323 nram
847 276 871 323 x
893 276 965 325 one.
989 278 1002 323 1
1193 264 1249 327 181

78 426 150 491 eius
173 443 268 509 quern
290 426 325 490 in
347 445 438 492 suam
459 433 627 512 receperat
647 427 753 507 fidem,
777 428 947 511 quiequam
963 426 1003 493 de
1018 428 1112 495 nobis
1134 428 1253 496 fatetur

79 554 117 600 ac
139 533 257 601 diebus
278 536 435 619 plusculis
456 556 517 602 nec
537 536 660 603 uidisse
682 535 810 619 quidem
841 538 931 603 illum
953 537 1157 603 hortulanum
1180 558 1252 605 con-

78 644 192 711 tendit.
237 651 349 710 contra
369 647 603 713 commilitones
634 647 680 711 ibi
709 665 770 713 nec
790 646 918 731 uspiam
949 648 1038 713 illum
1061 647 1252 717 delitescere

79 751 269 821 adiurantes
298 755 429 839 genium
451 757 607 841 principis
629 755 875 823 contendebant.
920 765 1118 843 postremum
1152 761 1251 843 magi·

49 880 61 927 5
80 866 236 933 stratibus
256 867 379 950 placuit
399 867 559 933 obstinate
581 867 796 950 denegantem
819 867 972 933 scrutinio
995 866 1155 952 detegere:
1194 869 1251 933 im·

79 976 189 1042 missis
209 976 320 1061 itaque
340 976 506 1043 lictoribus
536 978 715 1062 ceterisque
743 977 881 1061 publicis
909 977 1097 1043 ministeriis
1119 979 1259 1062 angula·

79 1086 135 1149 tim
158 1094 273 1152 cuncta
295 1086 407 1154 sedulo
437 1088 625 1171 perlustrari
653 1088 765 1153 iubent
794 1088 1046 1173 necquicquam
1069 1089 1251 1154 mortalium

80 1214 117 1261 ac
146 1215 189 1261 ne
218 1196 290 1281 ipse
318 1196 448 1281 quidem
481 1198 594 1263 asinus
631 1197 715 1263 intra
747 1197 846 1263 limen
869 1216 1055 1281 comparere
1076 1199 1249 1264 nuntiatur.

80 1316 161 1374 tunc
176 1307 284 1389 gliscit
304 1306 476 1372 uiolentior
498 1306 753 1391 utrimquesecus
784 1308 963 1373 contentio:
998 1309 1132 1373 militum
1160 1328 1218 1393 pro
1241 1310 1406 1377 xxxxii

35 1423 242 1501 incomperta
264 1416 306 1483 de
327 1417 422 1483 nobis
444 1414 708 1483 adseuerantium
723 1416 886 1502 fidemque
903 1416 1053 1484 Caesaris
1075 1417 1252 1485 identidem

80 1526 334 1610 implorantium,
365 1533 399 1591 at
424 1526 513 1593 illius
536 1528 688 1610 negantis
715 1526 917 1611 adsidueque
939 1526 1033 1593 deum
1056 1548 1175 1595 numen
1198 1529 1252 1594 ob-

79 1636 238 1703 testantis.
269 1656 333 1720 qua
355 1639 558 1703 contentione
580 1645 613 1704 et
635 1639 775 1705 clamoso
799 1638 934 1722 strepitu
956 1639 1084 1721 cognito
1106 1639 1251 1706 curiosus

78 1747 223 1831 alioquin
245 1753 277 1811 et
296 1748 432 1831 inquieti
455 1748 649 1832 procacitate
670 1746 838 1831 praeditus
860 1747 972 1815 asinus
995 1747 1069 1812 dum
1086 1748 1252 1831 obliquata

80 1859 204 1922 ceruice
226 1876 285 1941 per
306 1857 469 1943 quandam
492 1858 698 1924 fenestrulam
721 1856 875 1941 quidnam
892 1857 954 1925 sibi
977 1859 1076 1924 uellet
1097 1859 1250 1925 tumultus

33 1989 61 2036 15
78 1967 134 2033 ille
166 1967 352 2052 prospicere
382 1968 500 2051 gestio,
534 1988 618 2034 sunus
657 1988 675 2032 e
714 1968 984 2034 commilitonibus
1014 1986 1092 2034 casu
1121 1968 1249 2033 fortuito

78 2077 260 2145 conlimatis
281 2077 383 2145 oeulis
403 2076 446 2143 ad
468 2077 615 2142 umbram
643 2096 748 2143 meam
777 2084 907 2144 cunctos
935 2084 1072 2144 testatur
1093 2078 1249 2143 incoram.

78 2200 216 2270 magnus
251 2186 391 2272 denique
413 2188 563 2253 continuo
591 2188 711 2253 clamor
733 2194 863 2254 exortus
886 2192 940 2253 est
957 2193 988 2253 et
1011 2174 1150 2253 emensis
1179 2204 1250 2271 pro·
1264 2170 1268 2261 J

76 2298 165 2364 tinus
189 2298 287 2365 scalis
308 2298 428 2363 iniecta
447 2317 546 2363 manu
561 2298 691 2381 quidam
714 2318 765 2364 me
787 2299 878 2363 uelut
890 2297 1052 2381 captiuum
1068 2290 1248 2361 debebunt.

77 2408 207 2492 iamque
240 2408 327 2474 omni
360 2407 487 2476 sublata
514 2408 716 2474 cunctatione
737 2407 962 2494 scrupulosius
996 2407 1249 2491 contemplantes

30 2531 59 2581 20
77 2519 222 2602 singula,
256 2519 338 2585 cista
366 2520 465 2584 etiam
492 2519 550 2584 illa
578 2519 723 2584 reuelata
752 2525 913 2604 repertum
944 2516 1197 2602 productumque
1219 2522 1251 2580 et

76 2629 221 2695 oblatum
244 2629 486 2713 magistratibus
509 2630 660 2696 miserum
682 2629 892 2694 hortulanum*
908 2645 1031 2713 poenas
1055 2627 1178 2694 seilicet
1199 2645 1248 2690 ca·

74 2740 144 2824 pite
180 2759 356 2823 pensurum
393 2740 427 2805 in
463 2739 626 2823 publicum
664 2738 827 2806 deducunt
863 2756 1022 2804 carcerem
1061 2753 1249 2818 summoque

74 2851 145 2916 risu
166 2868 273 2914 meum
295 2856 499 2935 prospectum
521 2848 667 2913 cauillari
688 2869 754 2914 non
776 2848 936 2916 desinunt.
981 2845 1066 2912 unde
1090 2846 1185 2912 etiam
1209 2844 1250 2910 de

76 2965 253 3045 prospectu
275 2967 308 3025 et
329 2959 444 3024 umbra
466 2959 682 3038 asininatum
705 2966 754 3025 est
776 2959 927 3043 frequens
950 2955 1164 3044 prouerbium.

538 3271 722 3336 LIBER
758 3271 789 3336 X

164 3460 226 3524 Die
249 3461 396 3542 sequenti
417 3479 508 3525 meus
525 3458 653 3542 quidem
670 3457 818 3525 dominus
841 3457 1030 3522 hortulanus
1047 3454 1124 3540 quid
1147 3456 1249 3538 egerit
1271 3461 1287 3522 Ι

74 3570 199 3651 nescio,
221 3588 271 3634 me
292 3576 402 3634 tamen
423 3569 515 3635 miles
538 3569 603 3650 ille,
626 3567 681 3651 qui
703 3573 834 3652 propter
856 3567 1007 3632 eximiam
1028 3565 1250 3650 impotentiam

74 3679 293 3765 pulcherrime
314 3680 500 3764 uapularat,
530 3679 571 3743 ab
600 3679 656 3742 illo
683 3678 855 3762 praesepio
883 3677 971 3743 nullo
1000 3674 1148 3759 equidem
1177 3693 1250 3738 con·
1357 3683 1360 3692 ’

75 3789 256 3856 tradicente
286 3788 457 3855 deductum
486 3789 617 3854 abducit
644 3792 741 3868 atque
765 3807 785 3850 a
807 3807 864 3853 suo
894 3786 1103 3853 contubernio
1126 3784 1250 3849 —hoc

149 4091 266 4146 ltadF
314 4097 345 4146 12
364 4095 564 4158 catentronep:
582 4088 710 4143 etroneF
776 4051 927 4158 ltptde
991 4091 1020 4141 21
1033 4085 1152 4158 pqnafF
1216 4089 1248 4138 24

74 4187 260 4258 aelapsam
278 4193 332 4254 (go
351 4182 539 4251 falluftruflegr
556 4181 696 4237 utendum
711 4196 785 4236 rome
796 4179 867 4234 felix.
886 4181 972 4235 Olrbro
990 4181 1014 4232 a
1031 4181 1158 4251 pbmoluc
1176 4180 1247 4234 conf.

74 4279 107 4333 ln
124 4279 186 4334 foro
204 4278 297 4332 martii
313 4272 431 4332 omousia
448 4273 600 4329 declamant
616 4280 716 4329 oraton
735 4274 896 4328 endelechro.
918 4273 921 4341 Ι
940 4273 1043 4326 Rurluf
1059 4271 1249 4340 eltantrnupoh

75 4412 223 4465 recognour
242 4396 340 4451 celano
358 4395 382 4448 ἃ
399 4395 483 4450 altico
503 4356 564 4450 edis,
588 4394 643 4449 n’ria
661 4409 735 4446 vmr.
756 4401 894 4458 errarem.
913 4407 1017 4446 rnorem
1036 4407 1054 4444 x
1071 4391 1100 4445 iu
1116 4389 1145 4445 F
