2934 4900
222 225 279 287 148
716 237 808 283 meru
830 237 894 282 vm

257 419 260 426 ·
303 389 423 456 Seruus
452 387 600 472 quidam,
637 389 687 454 cui
724 395 871 453 cunctam
907 387 1050 452 familiae
1078 387 1211 452 tutelam
1240 384 1396 451 dominus

217 500 409 585 permiserat
431 519 507 564 suus
523 498 641 582 quique
655 499 894 583 possessionem
917 499 1092 565 maximam
1114 497 1214 575 illam,
1236 497 1270 560 in
1292 517 1397 580 quam

218 611 466 689 deuerterarnus,
490 608 664 686 uillicabat,
688 609 813 675 habens
836 627 876 674 ex
892 607 1004 674 eodem
1020 607 1177 672 famulitio
1200 625 1395 674 conseruam

219 721 403 803 coniugem,
440 718 562 784 liberae
599 719 766 785 cuiusdam
802 719 1026 800 extrariaeque
1053 718 1197 788 mulieris
1229 716 1398 799 flagrabat

218 829 380 915 cupidine.
426 849 488 913 quo
522 828 631 895 dolore
660 831 838 913 paelicatus
867 849 948 894 uxor
975 829 1044 894 eius
1079 828 1225 906 instricta
1258 835 1426 894 cunctare

218 940 336 1006 mariti·
347 939 488 1005 rationes
511 947 543 1006 ct
565 939 718 1023 quicquid
740 939 854 1004 horreo
876 939 1075 1004 reconditum
1090 939 1317 1004 continebatur
1340 937 1396 1002 ad-

218 1057 303 1115 moto
332 1049 508 1116 combussit
535 1049 620 1133 igne.
665 1069 724 1118 nec
760 1049 818 1114 tali
851 1049 970 1115 damno
999 1051 1061 1114 tori
1090 1050 1140 1114 sui
1163 1049 1397 1116 contumeliam

221 1159 406 1227 uindicasse
429 1167 580 1226 contenta
603 1162 666 1226 iam
689 1167 801 1225 contra
835 1179 896 1226 sua
918 1160 1068 1226 saeuiens
1091 1160 1218 1225 uiscera
1240 1160 1396 1242 laqueum

218 1271 282 1338 sibi
304 1271 402 1336 nectit
423 1270 694 1354 infantulumque,
724 1289 820 1354 quern
842 1270 883 1335 do
906 1269 1018 1336 eodem
1042 1270 1156 1334 marito
1183 1268 1396 1334 iamdudum

218 1387 413 1466 susceperat,
435 1379 548 1446 eodem
570 1381 710 1446 funiculo
725 1380 825 1446 nectit
846 1399 945 1464 seque
966 1400 1025 1464 per
1046 1379 1239 1446 altissimum
1260 1386 1395 1463 puteum
1413 1389 1438 1436 ιθ

218 1490 430 1577 adpendicem
459 1491 629 1575 paruulum
662 1493 794 1557 trahens
826 1490 1027 1575 praecipitat.
1063 1510 1160 1572 quarn
1182 1496 1318 1554 mortem
1342 1489 1395 1553 do

219 1603 325 1667 minus
348 1620 456 1666 eorum
478 1601 654 1684 aegerrime
677 1602 839 1668 sustinens
862 1607 1025 1686 arreptum
1048 1601 1219 1682 serentum,
1243 1599 1298 1681 qni
1321 1619 1395 1664 cau-

217 1709 287 1776 s‘am
321 1705 406 1776 'tanti
444 1711 574 1777 sceleris
612 1713 703 1776 uxori
733 1732 812 1778 suae
840 1712 1062 1796 praestiterat,
1085 1709 1207 1774 nudum
1229 1729 1269 1774 ao
1289 1716 1395 1774 totum

219 1823 314 1887 melle
336 1821 485 1906 perlitum
508 1821 640 1888 firmiter
662 1823 809 1906 alligauit
836 1822 944 1887 arbori
971 1821 1127 1886 ficulneae
1149 1821 1239 1886 cuius
1262 1821 1297 1884 in
1321 1820 1395 1903 ipsa

218 1932 345 1998 cariosa
374 1932 481 2016 stipite
519 1932 769 1998 inhabitantium
806 1933 1008 1997 formicarum
1036 1929 1178 1995 nidificia
1206 1930 1396 1995 borriebant
1412 1947 1461 2025 ιι

219 2049 252 2106 et
274 2043 356 2106 ultro
379 2042 457 2106 citro
487 2042 710 2108 commeabant
738 2043 906 2126 multiiuga
935 2041 1153 2124 scaturrigine.
1190 2060 1274 2123 quae
1296 2042 1396 2107 simul
1460 2052 1461 2095 1

219 2152 343 2218 dulcem
377 2171 415 2216 ae
443 2152 599 2218 mellitum
636 2154 778 2238 corporis
814 2153 960 2218 nidorem
997 2152 1242 2236 persentiscunt,
1279 2153 1395 2235 paruis

220 2262 348 2345 quidem
378 2260 435 2328 sed
469 2264 648 2329 numerosis
678 2269 709 2328 et
737 2263 897 2330 continuis
927 2263 1152 2328 morsiunculis
1181 2263 1311 2346 penitus
1350 2263 1395 2325 in-

220 2373 355 2436 haerent
357 2390 392 2436 os
414 2391 472 2456 per
493 2373 582 2458 longi
604 2374 758 2458 temporis
773 2375 948 2438 cruciatum
964 2374 1009 2438 ita
1024 2373 1174 2438 carnibus
1191 2373 1320 2453 atque
1311 2373 1394 2456 1psis

221 2482 399 2548 uisceribus
423 2483 532 2549 adesis
554 2484 683 2551 homine
698 2490 887 2569 consumpto
855 2483 1055 2549 tmombra
1075 2483 1294 2548 nudaruntut
1259 2489 1396 2548 outssa
1409 2491 1435 2539 ‘20

220 2598 290 2657 tant
290 2613 343 2655 um
365 2592 497 2659 uiduata
519 2594 644 2679 pulpis
662 2595 764 2659 nitore
786 2595 886 2660 nimio
917 2594 1065 2717 candent
1043 2601 1090 2658 t1a
1111 2594 1257 2658 funestae
1279 2593 1394 2657 cohae-

217 2710 324 2769 rorent
346 2702 462 2768 arbori.

79 2824 194 2891 XXlll
303 2813 372 2877 Hac
387 2833 512 2895 quoque
525 2814 709 2880 detestabili
724 2814 852 2880 desert-a
866 2814 1035 2880 mansione
1050 2834 1197 2897 paganos
1217 2814 1251 2877 in
1267 2832 1394 2879 summo

218 2924 304 2987 luctu
270 2923 548 3009 trelinquentes
585 2946 711 2991 rursum
747 2925 912 3009 pergimus
945 2924 1062 3005 dieque
1095 2932 1164 2988 tota
1192 2930 1430 3040 campestres

220 3034 342 3099 emensi
365 3035 437 3099 uias
460 3035 624 3100 ciuitatem
639 3035 801 3117 quandam
823 3036 1013 3119 populosam
1029 3042 1061 3099 et
1049 3034 1240 3099 tnobilem
1232 3054 1297 3098 ram
1312 3005 1451 3100 ἰθιεὶ33,
1408 3070 1458 3137 pp

219 3144 435 3226 peruenimus
472 3144 553 3209 inibi
582 3146 682 3211 larem
705 3144 863 3227 sedesque
885 3154 1059 3230 perpetuas
1087 3151 1234 3229 pastores
1256 3143 1304 3208 illi
1331 3150 1394 3209 sta·

220 3261 310 3319 tuere
333 3253 508 3319 decernunt
523 3254 608 3335 quod
631 3262 663 3319 et
683 3256 780 3337 longe
794 3256 989 3336 quaesituris
1005 3256 1116 3319 firmae
1137 3254 1283 3319 latebrae
1303 3254 1394 3318 uide
1458 3301 1459 3346 3

220 3368 330 3428 rentur
352 3369 383 3428 et
405 3383 554 3429 annonae
577 3364 726 3449 copiosae
756 3365 852 3430 beata
879 3365 1049 3430 celebritas
1071 3364 1239 3430 inuitabat.
1284 3363 1392 3428 triduo

220 3472 360 3554 denique
382 3475 595 3539 iumentorum
617 3475 746 3540 refectis
768 3475 1031 3558 corporibusque
1047 3474 1279 3541 uendibiliores
1301 3473 1394 3537 uide·
1458 3495 1460 3561 p

219 3603 341 3667 remur,
380 3584 423 3647 ad
459 3590 633 3649 mercatum
669 3583 874 3669 producimur
902 3603 1083 3668 magnaque
1111 3602 1188 3647 uoce
1222 3585 1393 3667 praeconis
1407 3606 1432 3654 ao
1458 3563 1459 3568 ¹

221 3694 326 3777 pretia
349 3693 485 3777 singulis
508 3695 685 3760 nunbantis
701 3695 774 3776 equi
797 3702 893 3776 atque
909 3696 965 3759 alii
988 3695 1073 3761 asini
1095 3694 1257 3778 opulentis
1273 3700 1393 3777 empto·

291 4034 403 4084 tcunct
393 4026 421 4083 a
437 4030 493 4099 ἶφι
512 4035 609 4082 cuncta
627 4029 666 4138 Fr
720 4029 873 4083 3famrlrtro
889 4029 918 4082 F
931 4038 958 4083 ct
974 4037 1037 4083 cate
1054 4046 1125 4085 corr
1138 4028 1273 4083 sectandae
1290 4046 1392 4097 annau
1457 4027 1459 4120 p

220 4145 334 4217 lerugt
351 4148 383 4213 F,
402 4143 537 4216 corugdp
605 4111 724 4217 flagirbat
738 4136 764 4213 tr
781 4147 843 4201 add
870 4164 942 4201 mart.
960 4148 1028 4211 secl
1044 4148 1072 4201 F
1150 4152 1180 4200 12
1199 4152 1263 4201 cate
1281 4142 1392 4216 arrepti
1457 4133 1458 4156 3

220 4266 337 4321 deletum
355 4267 419 4321 ad
407 4284 436 4321 ιιι
453 4266 482 4320 F
572 4271 602 4319 14
620 4266 676 4333 rplo
696 4267 724 4320 F
808 4270 837 4318 15
857 4267 998 4321 borrrbant
1015 4266 1088 4325 (add.
1110 4267 1205 4336 prima
1228 4264 1392 4327 manaath}

222 4360 404 4427 burrebantp
486 4363 516 4413 19
537 4364 659 4415 erueratu
677 4359 720 4427 Fp
791 4362 823 4411 29
842 4359 1075 4428 uenldrurlrorelF
1140 4364 1172 4413 30
1189 4357 1359 4429 pducrm3F¹
1456 4437 1457 4446 ἵ
