2934 4900
190 203 251 265 200
705 216 799 263 urum
820 216 844 261 x
901 179 903 185 ’

189 376 286 453 atque
307 369 396 435 illam
418 369 524 437 minus
552 367 682 452 quidem
709 388 805 452 quam
836 368 1019 434 merebatur
1041 367 1098 433 sed
1131 366 1217 451 quod
1239 365 1375 449 dignus

190 480 350 548 cruciatus
371 480 456 545 alius
477 479 654 562 excogitari
675 498 741 545 uon
763 485 898 564 poterat,
918 485 1006 543 certe
1026 476 1140 544 bestiis
1155 475 1372 542 obiciendam

191 590 420 675 pronuntiauit.

39 690 199 759 XXVIIII
283 701 373 768 Talis
388 700 531 766 mulieris
546 699 719 784 publicitus
733 698 972 765 matrimonium
988 699 1226 765 confarramrus
1248 698 1372 781 iugen-

189 812 279 896 tique
299 829 420 894 augore
442 809 562 894 oppido
584 828 761 894 suspensus
783 809 994 893 expectabam
1017 808 1102 874 diem
1124 810 1267 875 muneris
1291 818 1406 875 sae-5

190 922 265 1005 pius
288 921 416 1005 quidem
437 926 573 986 mortem
594 920 674 985 mibi
696 925 783 985 metu
805 920 918 985 uolens
941 920 1139 986 conminuere
1167 919 1368 1003 priusquam
1387 931 1460 1000 [aaa]

192 1033 373 1099 scelerosae
408 1031 554 1096 mulieris
578 1031 738 1113 contagio
775 1030 953 1095 macularer
989 1031 1043 1095 uel
1069 1029 1204 1095 infamia
1235 1030 1367 1113 publici

190 1142 365 1227 spectaculi
387 1140 646 1225 depudescerem.
669 1139 728 1206 sed
749 1141 897 1224 priuatus
918 1140 1061 1207 humana
1081 1161 1189 1214 manu,
1211 1139 1366 1223 priuatus

190 1251 310 1334 digitis,
339 1251 462 1333 ungula
483 1250 621 1316 rotunda
642 1257 739 1334 atque
761 1250 875 1317 mutila
895 1250 1045 1333 gladium¹
1062 1250 1220 1333 stringere
1237 1269 1366 1333 nequa-

120 1358 129 1379 ‘
190 1382 286 1445 quam
320 1369 475 1445 poteram.
519 1362 617 1445 plane
652 1360 740 1425 tenui
777 1362 910 1445 specula
939 1362 1070 1431 solabar
1096 1359 1205 1427 clades
1227 1361 1365 1427 ultimas
1388 1376 1420 1424 1o

188 1471 277 1556 quod
299 1464 357 1537 uer
378 1472 505 1555 inipso
528 1477 600 1535 ortu
621 1470 687 1535 iam
701 1456 871 1554 gemmulis
895 1470 1018 1539 floridis
1040 1478 1154 1537 cuncta
1168 1471 1366 1555 depingeret

189 1589 223 1647 et-
243 1581 309 1647 iam
336 1600 498 1666 purpureo
524 1581 629 1647 nitore
657 1587 752 1665 prata
779 1581 913 1648 uestiret
940 1588 972 1647 et
1000 1580 1199 1646 commodum
1228 1581 1364 1665 dirupto

188 1692 302 1776 spineo
325 1692 466 1775 tegmine
487 1691 650 1775 spirantes
672 1691 858 1757 cinnameos
880 1692 995 1759 odores
1025 1692 1240 1776 promicarent
1262 1712 1363 1758 rosae

188 1822 272 1885 quae
292 1822 344 1868 me
365 1802 466 1887 priori
486 1822 559 1867 meo
579 1801 680 1867 Lucio
700 1801 883 1868 redderent.

274 1913 355 1979 Dies
378 1932 451 1978 ecce
466 1912 591 1977 muneri
606 1911 787 1979 destinatus
803 1913 931 1979 aderat:
955 1912 997 1977 ad
1012 1919 1221 1998 consaeptum
1236 1931 1361 1978 caueae
1383 1927 1414 1975 15

188 2030 404 2107 prosequente
426 2023 545 2107 populo
567 2022 749 2106 pompatico
772 2023 882 2089 fauore
898 2023 1047 2089 deducor.
1071 2023 1201 2096 aedum
1222 2022 1360 2089 ludicris

188 2133 407 2199 scaenicorum
429 2132 554 2199 choreis
583 2134 745 2217 primitiae
774 2134 948 2218 spectaculi
969 2133 1174 2216 dedicantur,
1198 2133 1360 2217 tantisper

188 2249 263 2309 autc
286 2250 413 2328 portam
435 2242 627 2310 constitutus
648 2244 804 2327 pabulum
826 2245 995 2310 laetissimi
1017 2244 1189 2329 graminis,
1214 2242 1300 2328 quod
1323 2245 1360 2307 in

187 2354 259 2438 ipso
295 2352 499 2437 germinabat
525 2352 630 2437 aditu,
667 2354 774 2419 libens
797 2354 1015 2437 adfectabam,
1053 2354 1190 2421 subinde
1212 2355 1359 2419 curiosos

188 2465 298 2530 oculos
320 2470 452 2548 patente
474 2472 568 2549 porta
590 2465 765 2550 spectaculi
787 2473 960 2563 prospectu
982 2467 1166 2550 gratissimo
1195 2465 1358 2532 reficiens.
1376 2471 1412 2520 20

271 2575 356 2639 Nam
388 2575 488 2658 puelli
521 2576 712 2659 puellaeque
744 2577 861 2642 uirenti
898 2575 1049 2644 florentes
1078 2578 1221 2642 aetatula
1254 2577 1359 2642 forma

188 2685 362 2769 conspicui,
387 2691 477 2751 ueste
499 2685 610 2767 nitidi,
633 2686 764 2753 incessu
785 2687 929 2768 gestuosi
952 2686 1184 2753 Graecanicam
1207 2688 1358 2752 saltaturi

178 2793 372 2878 ‘pyrrhicam
395 2795 561 2880 dispositis
583 2795 841 2862 ordinationibus
856 2797 990 2863 decoros
1005 2798 1144 2865 ambitus
1166 2797 1358 2862 inerrabant

186 2908 328 2970 nuncin
350 2906 461 2970 orbem
482 2911 619 2970 rotatum
641 2906 795 2988 flexuosi,
818 2927 903 2972 nunc
924 2908 958 2972 iu
981 2909 1145 2991 obliquam
1168 2908 1282 2973 seriem
1306 2927 1357 2972 eo·

187 3016 263 3080 nexi
286 3022 318 3081 et
339 3015 373 3080 in
388 3015 579 3099 quadratum
601 3023 747 3100 patorem
763 3018 891 3082 cuneati
914 3025 945 3083 et
966 3018 1001 3083 in
1016 3025 1165 3084 cateruae
1181 3017 1357 3086 discidium
1375 3023 1406 3074 25

187 3126 338 3208 separati.
362 3133 396 3190 at
416 3125 472 3190 ubi
494 3125 659 3193 discursus
681 3127 837 3210 reciproci
852 3129 1058 3196 multimodas
1080 3129 1234 3212 ambages
1256 3129 1358 3196 tubae

186 3235 366 3302 terminalis
389 3243 503 3303 cautus
525 3237 694 3321 explicuit,
722 3239 837 3304 aulaeo
866 3239 1022 3305 subducto
1045 3243 1076 3306 et
1098 3238 1289 3322 complicitis
1314 3240 1358 3304 si-

185 3346 276 3428 paris
298 3365 417 3412 scaeua
439 3344 628 3431 disponitur.

69 3453 165 3518 XXX
271 3455 350 3521 Erat
381 3478 474 3523 mons
507 3458 634 3540 ligneus
667 3457 709 3523 ad
742 3457 845 3524 instar
872 3459 973 3524 incliti
1002 3459 1118 3526 montis
1146 3461 1234 3526 illius
1257 3479 1356 3540 quem
1417 3491 1424 3504 ·

186 3555 279 3632 uates
315 3566 474 3633 Homerus
510 3566 644 3633 Idaeum
672 3569 805 3648 cecinit,
842 3570 972 3635 sublimi
1008 3571 1181 3636 instructus
1217 3569 1355 3652 fabrica,
1375 3587 1406 3636 30

255 3724 394 3794 1111an
478 3731 585 3780 tmetu
610 3727 703 3780 uolens
719 3729 778 3796 Fp,
802 3742 862 3780 mea
886 3707 980 3782 uolens
1000 3727 1120 3798 manus
1199 3731 1214 3782 8
1225 3731 1359 3838 priuatas

184 3848 223 3896 ot.
240 3843 295 3896 uid.
311 3843 348 3896 F‘
434 3845 585 3899 brutunda
602 3845 631 3898 F
713 3851 741 3898 tl
761 3847 819 3915 uer]
838 3849 867 3900 ul
885 3848 916 3911 F,
935 3848 959 3911 l,
983 3847 1046 3901 add.
1064 3848 1092 3900 to
1115 3863 1202 3918 marg.
1222 3863 1245 3901 e.
1266 3863 1356 3918 uerp

186 3939 216 3988 12
236 3936 358 4005 drrrupto
376 3937 404 3990 F
487 3943 517 3991 15
536 3939 692 4006 conseptum
709 3937 738 3992 F
824 3943 854 3994 18
872 3936 974 4009 pauuld
992 3937 1028 3991 F‘
1114 3944 1145 3993 22
1164 3927 1357 4008 graecanicam

184 4027 307 4082 saltaturi
324 4029 477 4099 pyrrbieam
494 4030 722 4086 Hildcbroadics:
739 4046 883 4102 grecanrca
901 4032 987 4086 saltat
1012 4028 1129 4102 rpyrncb
1146 4035 1183 4098 F,
1207 4049 1358 4102 grecanrca

185 4120 270 4175 saltas*
293 4119 409 4192 yprmcd
432 4123 525 4178 addito
549 4126 578 4178 ia
595 4142 680 4196 marq.
706 4126 872 4196 saltaturap
958 4129 991 4180 24
1009 4126 1101 4181 urbem
1127 4125 1357 4200 Oudendorps'us:

185 4241 250 4294 orbe
267 4240 295 4293 F
359 4247 391 4295 26
409 4242 571 4297 multinodel
586 4244 615 4296 F
690 4248 721 4297 27
740 4207 817 4300 albeo
836 4245 867 4310 F,
886 4245 1000 4326 albeop
1086 4249 1118 4299 30
1136 4227 1242 4300 10000
1313 4249 1357 4302 lu-

185 4332 257 4385 bhmr
276 4353 311 4400 qo:
332 4335 449 4388 iubhmri
465 4337 490 4387 F
