2934 4900
527 209 529 214 Χ
554 238 626 285 cna.
650 239 790 285 xu—xv
913 228 915 233 ’
1199 228 1257 291 163

80 393 189 472 agunt
211 396 243 454 et
264 390 443 473 loquuntur.
466 408 526 455 nec
540 390 689 456 inmerito
703 391 830 477 priscae
845 392 990 475 poeticae
1006 391 1134 459 diuinus
1150 400 1260 461 auctor

79 498 175 583 apud
197 497 314 567 Graios
337 520 481 566 summae
503 500 692 585 prudentiae
714 501 817 567 uirum
841 508 1019 569 monstrare
1034 506 1166 586 cupiens
1182 506 1258 569 mul·

78 617 192 674 tarum
215 610 379 675 ciuitatum
401 611 491 676 obitu
513 618 545 676 et
566 611 729 676 uariorum
751 614 943 695 populorum
965 614 1094 697 cognitu
1117 634 1258 681 summas
1331 651 1334 659 ·

79 719 399 805 adeptnmuncntes
420 721 543 787 cecinit.
565 742 641 788 nam
663 722 787 806 etipse
808 728 918 807 gratam
934 724 1057 807 gratias
1072 698 1165 791 asino
1187 740 1258 789 meo

46 842 59 889 5
79 830 221 897 memini
243 830 331 912 quod
353 851 404 897 me
426 852 484 898 suo
508 833 644 898 celatum
667 833 808 915 tegmine
824 834 989 917 uariisque
1011 834 1146 900 fortunis
1169 854 1259 901 exer·-

80 942 220 1007 citatum
244 942 306 1007 etsi
335 942 442 1009 minus
470 942 678 1027 prudentem,
709 943 902 1009 multiscium
926 943 1073 1009 reddidit.
1118 944 1259 1009 fabulam
1281 940 1379 1006 XIIII
1413 1020 1416 1027 r

79 1051 228 1137 denique
250 1052 368 1118 bonam
390 1072 469 1137 prae
502 1054 617 1120 ceteris
646 1072 747 1120 suane
770 1060 929 1138 comptam
951 1053 994 1119 ad
1016 1072 1111 1121 aures
1132 1062 1258 1163 uostrap

80 1162 216 1228 adferre
238 1162 367 1229 decreui
390 1170 421 1227 et
443 1182 484 1229 en
505 1163 638 1246 occipio.
741 1227 743 1235 s
1004 1169 1007 1173 '
1220 1230 1225 1240 ,

173 1272 280 1339 Pistor
301 1273 356 1339 ille
381 1273 435 1358 qui
456 1293 507 1340 me
530 1274 632 1358 pretio
655 1293 749 1339 suum
771 1273 899 1356 fecerat,
922 1274 1025 1339 bonus
1041 1274 1186 1357 alloquin
1209 1276 1259 1339 uir

34 1399 62 1447 ro
81 1390 115 1449 et
139 1382 288 1466 adprime
309 1384 484 1465 modestus,
507 1385 682 1470 pessimam
698 1390 730 1449 et
752 1389 827 1449 ante
842 1390 974 1451 cunctas
990 1384 1140 1450 mulieres
1162 1384 1258 1467 longe

80 1492 294 1559 deterrimam
322 1494 453 1561 sortitus
484 1494 654 1577 coniugam
682 1514 805 1578 poenas
834 1502 993 1561 extremas
1025 1496 1088 1560 tori
1115 1494 1258 1578 larisque

84 1604 271 1670 sustinebat
292 1612 327 1670 ut
348 1605 503 1671 Hercules
526 1604 596 1671 eius
618 1604 720 1670 uicem
745 1624 805 1688 ego
829 1625 954 1689 quoque
977 1604 1091 1671 tacitus
1113 1604 1258 1688 frequen·
1328 1632 1334 1644 ·

82 1722 134 1781 ter
159 1715 413 1799 ingemiscerem.
451 1734 510 1780 nec
532 1716 617 1780 enim
639 1714 692 1780 uel
714 1735 812 1780 unum
836 1716 948 1781 uitium
971 1714 1189 1800 nequissimae
1211 1714 1258 1777 illi

81 1826 228 1893 feminae
250 1826 363 1891 deerat
391 1824 449 1891 sed
471 1826 579 1890 omnia
608 1845 740 1909 prorsus
769 1832 804 1889 ut
833 1826 866 1891 in
895 1824 1058 1907 quandam
1087 1843 1257 1891 caenosam

34 1944 61 1990 15
80 1937 236 2001 latrinam
267 1930 302 2000 in'
323 1936 393 2002 eius
422 1936 565 2000 animum
593 1934 718 2018 flagitia
746 1935 980 2002 confluxerant:
1018 1954 1118 2001 saeua
1141 1952 1259 2001 scaeua
1303 1956 1306 1964 ·

81 2046 197 2112 uirosa
219 2047 347 2138 ebriosa
368 2046 522 2130 peruicax
536 2046 696 2130 pertinax,
719 2048 753 2110 in
776 2046 899 2130 rapinis
921 2046 1068 2129 tui·pibus
1090 2064 1202 2126 auara,
1224 2044 1258 2108 in

82 2157 268 2241 sumptibus
291 2156 394 2223 foedis
416 2157 558 2241 profusa,
581 2156 712 2221 inimica
734 2156 820 2234 fidei,
843 2156 945 2222 hostis
967 2155 1151 2240 pudititiae.
1184 2161 1258 2220 tuuc

87 2267 211 2351 spretis
232 2275 328 2351 atque
350 2268 482 2333 calcatis
511 2267 630 2332 diuinis
658 2267 843 2333 numinibus
870 2268 904 2331 in
934 2265 1037 2331 uicem
1060 2271 1165 2331 comae
1187 2264 1260 2329 reli·

86 2377 197 2460 giouis
214 2377 355 2466 'mentita
377 2378 536 2462 sacrilega
556 2377 820 2463 praesumptione
842 2376 910 2460 dei,
939 2396 1033 2462 quem
1055 2374 1259 2460 praedicaret

35 2495 65 2545 to
87 2489 221 2554 unicum
244 2489 387 2555 confictis
409 2489 690 2555 obseruationibus
712 2489 824 2554 uacuis
847 2489 963 2558 fallens
979 2506 1090 2552 omnes
1112 2485 1259 2570 homines

39 2618 43 2625 ’
84 2607 116 2665 et
139 2599 295 2664 miserum
318 2600 468 2664 maritum
492 2599 658 2683 decipiens
680 2599 838 2663 matutino
861 2618 949 2663 mero
972 2605 1003 2664 et
1024 2597 1174 2662 continuo
1197 2603 1259 2662 stu-

85 2733 146 2795 pro
171 2730 286 2795 corpus
308 2710 518 2792 manciparat.
562 2710 637 2774 talis
674 2708 730 2774 illa
756 2709 872 2774 mulier
900 2708 980 2772 miro
1009 2728 1060 2774 me
1088 2725 1257 2792 pensaque·
1276 2706 1339 2793 'XI'

83 2821 180 2886 batur
203 2819 287 2885 odio.
310 2841 385 2885 nam
403 2826 434 2884 et
449 2819 609 2884 antelucio
624 2818 784 2884 recubans
800 2817 906 2883 adhuc
921 2819 1073 2900 subiungi
1089 2817 1257 2881 machinae

83 2932 247 2997 uouicium
270 2930 431 2995 clamabat
453 2930 579 2994 asinum
603 2936 634 2993 et
657 2929 765 2994 statim
794 2935 828 2993 ut
856 2928 1001 2993 cubiculo
1024 2928 1162 3011 primum
1185 2946 1255 3010 pro-

35 3048 63 3098 25
85 3050 232 3108 cesserat
252 3040 406 3107 insistens
429 3031 568 3104 iubebat
581 3039 723 3104 incoram
753 3040 802 3104 sui
829 3041 944 3123 plagas
968 3036 1047 3116 mihi
1070 3056 1166 3118 quam
1188 3037 1256 3119 plu-

83 3153 185 3218 rimas
208 3151 343 3235 irrogari
367 3158 399 3216 et
420 3170 492 3215 cum
513 3150 706 3233 tempestiuo
734 3148 872 3233 prandio
900 3149 1087 3213 laxarentur
1114 3146 1257 3210 iumenta

83 3271 202 3342 cetera,
219 3262 320 3344 'longe
341 3260 466 3326 tardius
479 3259 637 3344 applicari
659 3259 828 3344 praesepio
850 3259 991 3324 iubebat.
1015 3276 1099 3340 quae
1120 3255 1258 3322 saeuitia

11 3421 12 3427 κ
82 3374 185 3438 multo
208 3371 287 3436 milri
308 3371 413 3454 magis
434 3371 607 3454 genuinam
641 3370 859 3436 curiositatem
888 3369 921 3433 in
952 3388 1027 3435 suos
1055 3386 1161 3433 mores
1190 3387 1256 3431 am·

82 3484 255 3571 pliauemt.
278 3502 353 3546 nam
370 3488 401 3547 et
415 3480 552 3548 adsiduo
567 3481 665 3565 plane
681 3486 911 3546 commeantem
934 3479 968 3542 in
990 3479 1060 3543 eius
1076 3477 1255 3542 cubiculum

37 3573 247 3678 sequendam
270 3592 448 3658 sentiebam
478 3594 626 3657 iuuenem
649 3591 740 3657 onius
763 3597 794 3656 et
815 3591 930 3655 faelem
954 3587 1064 3653 uidere
1087 3587 1255 3685 cupiebam

84 3725 126 3771 ex
151 3723 274 3768 summo
297 3701 419 3782 studio,
444 3701 471 3768 si
492 3707 601 3768 tamen
624 3703 840 3767 uelamentum
862 3699 978 3784 capitis
999 3697 1180 3763 libertatem
1202 3697 1254 3760 tri-

82 3814 208 3879 buisset
228 3812 310 3878 meis
333 3811 508 3896 aliquando
529 3812 714 3878 luminibus.
743 3830 803 3876 nec
826 3810 911 3875 eninr
934 3808 1012 3872 mihi
1035 3808 1179 3874 sollertia
1202 3806 1257 3870 de-

156 4079 183 4126 tt
204 4075 288 4144 penas
303 4073 331 4128 F
414 4077 444 4126 13
462 4058 636 4142 mgemelcerd
655 4070 683 4124 F
768 4073 797 4123 tc
815 4031 904 4137 umora
920 4070 952 4134 F,
970 4047 1095 4137 umotap
1168 4070 1196 4117 17
1215 4065 1254 4119 le-

83 4171 124 4224 mr
140 4168 179 4223 F¹
265 4172 298 4221 at
324 4166 439 4221 clarabat
461 4166 539 4237 (quid
555 4167 626 4219 inter
644 4165 653 4218 l
670 4169 697 4217 et
714 4164 731 4217 b
746 4163 781 4216 sit
807 4178 866 4216 aon·
886 4162 1009 4235 dispicio)
1029 4162 1066 4227 F,
1085 4159 1219 4214 clamabat
1236 4177 1255 4226 p

84 4269 115 4317 27
130 4263 214 4334 prior
231 4278 249 4330 p
267 4263 294 4315 ia
307 4261 440 4330 applicari
456 4275 526 4313 corr.
543 4263 574 4312 ut
590 4257 647 4313 uid.
666 4273 704 4312 ccc
721 4273 740 4310 u
758 4273 775 4312 a
793 4273 874 4312 mauu
892 4273 944 4313 sec.
963 4257 991 4310 io
1009 4254 1037 4308 F
1101 4255 1133 4306 26
1152 4269 1178 4304 m
1198 4251 1258 4306 tuot

78 4360 281 4427 practerypost.
301 4356 312 4407 l
328 4371 345 4408 α
362 4370 444 4408 mauu
462 4368 514 4426 tec.
533 4352 560 4405 iu
583 4368 638 4406 ras.
657 4353 685 4404 iu
703 4351 732 4414 F,
751 4357 759 4402 i
780 4351 838 4405 luci

1004 4432 1050 4483 11*
