2934 4900
221 195 264 257 38
336 237 338 248 ,
734 211 827 258 meru
849 212 876 257 11

223 361 317 428 deum
339 362 451 430 Risum
473 362 577 428 hilaro
600 367 696 445 atque
717 361 863 448 gaudiali
885 361 948 428 ritu
969 363 1193 448 propitiemus.
1233 361 1319 426 hune
1340 373 1399 427 tua

222 473 408 559 praesentia
434 472 528 539 nobis
557 473 678 542 efficies
707 473 890 558 gratiorem.
926 478 1023 558 atque
1053 473 1174 538 utinam
1203 471 1327 557 aliquid
1357 471 1399 538 de

224 583 354 668 proprie
386 584 496 669 lepore
530 583 703 650 laetifioum
736 582 925 650 honorando
958 582 1020 649 deo
1052 583 1304 649 comminisceris
1334 603 1398 664 quo

221 693 326 778 magis
348 691 537 780 pleniusque
559 701 649 760 tanto
670 695 795 760 numini
816 685 970 762 litemus'

304 795 418 872 ‘Bene'
449 804 581 888 inquam
609 799 654 871 ‘et
681 805 735 871 fiet
757 812 793 870 ut
820 805 923 871 iubes.
961 810 993 871 et
1014 804 1132 870 uellem
1153 803 1309 870 Hereules
1331 824 1424 869 mas

221 913 335 980 teriam
357 915 520 1000 repperire
535 915 677 1000 aliquam
693 937 788 1000 quam
800 905 892 981 ¹deus
906 920 1015 981 tantus
1037 913 1207 979 affluenter
1220 907 1395 980 indueret'

221 1029 295 1108 post
321 1023 402 1090 haee
430 1024 553 1090 monitu
580 1026 693 1091 famuli
721 1027 803 1106 mei,
837 1026 891 1111 qui
913 1026 1016 1093 noetis
1039 1014 1249 1108 admonebat,
1276 1024 1399 1093 iamet

223 1133 293 1220 ipse
320 1134 452 1219 crapula
480 1134 640 1203 distentus
668 1137 821 1221 protinus
844 1155 982 1219 exsurgo
1011 1143 1042 1200 et
1070 1134 1237 1220 appellata
1257 1153 1399 1220 propere
1454 1114 1455 1139 ³

220 1243 411 1330 Byrrhaena
432 1244 589 1311 titubante
612 1247 749 1330 uestigio
773 1247 1002 1313 domuitionem
1024 1265 1169 1332 capesso.

69 1343 198 1410 XXXII
306 1354 372 1422 Sed
394 1374 465 1420 eum
488 1356 623 1441 primam
648 1356 789 1442 plateam
807 1357 965 1439 uadimus,
989 1364 1086 1422 uento
1102 1357 1269 1443 repentino
1284 1356 1397 1423 lumen
1416 1367 1436 1414 u

218 1485 280 1549 quo
308 1464 490 1533 nitebamur
520 1467 717 1550 extinguitur
751 1474 786 1534 ut
813 1467 869 1534 uix
897 1467 1095 1552 inprouidae,
1116 1467 1221 1532 noetis
1255 1466 1397 1550 ealigine

216 1575 345 1641 liberati
378 1575 489 1660 digitis
521 1576 639 1661 pedum
669 1577 816 1646 detunsis
845 1580 886 1645 oh
914 1579 1042 1664 lapides
1070 1576 1245 1663 hospitium
1275 1575 1398 1644 defessi

216 1684 404 1752 rediremus.
444 1686 583 1771 dumque
598 1689 663 1753 iam
686 1688 820 1754 iunctim
834 1689 1064 1774 proximamus,
1086 1707 1160 1754 esee
1182 1693 1247 1753 tres
1256 1686 1398 1771 quidam

216 1801 348 1880 uegetos
371 1802 403 1862 et
425 1797 561 1864 nastulis
576 1798 764 1884 eorporibus
786 1799 871 1866 iores
900 1806 1029 1866 nostras
1050 1819 1092 1866 ex
1114 1799 1247 1866 summis
1269 1797 1397 1863 uiribus
1412 1803 1442 1870 [tl

217 1907 381 1973 inruentes
411 1925 450 1972 ae
472 1926 513 1972 ne
535 1909 722 1992 praeseutia
750 1909 881 1992 quidem
909 1917 1021 1977 nostra
1047 1909 1208 1975 tantillum
1229 1907 1397 1973 eonterriti
1414 1926 1436 1971 rt

217 2013 276 2082 sed
290 2014 395 2100 magis
418 2036 489 2081 eum
504 2018 720 2084 aemulatione
734 2019 852 2085 uirium
873 2020 1017 2087 erebrius
1040 2019 1232 2088 insultantes
1247 2026 1282 2083 ut
1295 2017 1395 2084 uobis

217 2145 254 2191 ao
276 2124 356 2190 mihi
379 2126 583 2211 potissimum
598 2149 664 2195 non
686 2130 845 2196 immerito
860 2131 1002 2198 latrones
1024 2149 1098 2198 esse
1120 2136 1152 2196 et
1174 2127 1304 2214 quidem
1322 2149 1397 2195 sae-

216 2235 343 2304 uissimi
364 2235 560 2303 uiderentur.
599 2238 707 2305 statim
730 2241 869 2325 denique
889 2240 1050 2326 gladium,
1082 2259 1177 2326 quem
1207 2246 1298 2306 ueste
1319 2259 1397 2306 mea

219 2351 398 2412 oonteetum
421 2345 463 2412 ad
485 2347 546 2415 hos
569 2369 645 2415 usus
669 2351 858 2435 extuleram,
883 2352 957 2418 sinu
971 2352 1142 2418 liberatum
1164 2350 1301 2438 adripio.
1335 2369 1396 2416 nee

219 2463 385 2523 cunctatus
408 2457 533 2525 medios
555 2460 696 2527 latrones
719 2462 828 2527 inuolo
860 2482 899 2527 ae
921 2463 1058 2547 siugulis
1080 2469 1115 2529 ut
1137 2481 1297 2547 quemque
1320 2482 1397 2527 eon·
1412 2479 1435 2527 u·

112 2650 114 2655 ,
217 2565 391 2633 luctantem
420 2567 632 2653 offenderam,
662 2572 821 2638 altissime
850 2572 1001 2657 demergo
1030 2571 1137 2658 quoad
1164 2572 1296 2639 tandem
1318 2579 1396 2639 ante

217 2676 294 2761 ipsa'
310 2676 450 2761 uestigia
471 2698 545 2744 mea
567 2682 669 2747 uastis
692 2686 724 2747 et
747 2681 867 2749 erehris
889 2674 1042 2769 perforati
1057 2683 1244 2749 uulneribus
1260 2682 1396 2767 spiritus

220 2785 409 2877 eiflauerint.
448 2788 493 2855 sie
508 2791 685 2874 proeliatus
700 2792 766 2857 iam
788 2793 924 2857 tumultu
946 2813 985 2859 eo
1000 2792 1115 2859 Fotide
1137 2792 1292 2860 suscitata
1306 2800 1397 2879 pate·

219 2897 312 2964 laetis
334 2897 470 2965 aedibus
492 2900 652 2969 anhelans
667 2908 698 2967 et
720 2902 838 2994 sudore
860 2903 1004 2987 perlutus
1018 2903 1131 2989 inrepo
1153 2924 1268 2988 meque
1284 2906 1397 2970 statim

219 3013 328 3092 utpote
358 3009 553 3092 pugnacium
581 3012 742 3077 latronum
771 3014 805 3078 in
831 3012 936 3096 uicem
960 3012 1151 3099 Geryoneae
1180 3013 1290 3081 oaedis
1322 3015 1397 3080 fati·
1412 3021 1435 3070 a

133 3163 136 3169 .
219 3124 338 3199 gotum,
360 3118 442 3191 leeto
466 3119 561 3185 simul
583 3127 615 3186 et
637 3142 749 3189 somno
771 3122 900 3189 tradidi.

266 3328 434 3407 ¹&propere
453 3328 621 3383 Beroaldus:
639 3330 734 3399 pipere
753 3332 785 3395 F,
802 3333 906 3402 pipep
986 3333 1136 3403 9byrrena
1153 3334 1181 3387 F
1263 3338 1293 3387 11
1314 3350 1396 3405 uege-

220 3418 378 3491 tolpulpo:
397 3422 504 3489 uegetel
519 3421 572 3491 Fe,
591 3427 717 3491 uagantes
736 3425 1080 3481 ooaieor'tHr‘ldehraodius
1147 3427 1190 3495 ex]
1208 3426 1233 3479 ἃ
1250 3426 1282 3490 F,
1301 3443 1396 3497 emp
1456 3469 1457 3496 ,

224 3514 253 3562 15
269 3512 407 3581 posterior
423 3530 432 3566 1
450 3514 599 3569 irr'dterrrtt
618 3516 646 3570 ia
663 3533 718 3571 ras.
740 3518 811 3585 irrF,
830 3524 949 3589 enutio
1020 3525 1051 3574 16
1069 3520 1154 3589 magri
1169 3551 1179 3572 ι
1196 3550 1206 3572 ι
1224 3520 1256 3586 F,
1274 3517 1394 3591 malgrlq'

222 3605 302 3667 (marr.
321 3604 440 3661 recondo
457 3607 520 3662 add.
543 3604 683 3679 grllmatp
771 3615 803 3665 19
820 3613 871 3669 hot
890 3629 962 3669 corr.
986 3629 1025 3669 ex
1046 3612 1099 3668 hoo
1116 3613 1149 3678 F,
1173 3614 1263 3682 hosp
1363 3620 1395 3670 20

220 3721 243 3773 rl
259 3722 287 3775 io
306 3723 411 3792 huguhs
427 3727 522 3781 tures
540 3728 611 3794 ritF,
632 3730 774 3800 huguhlp
861 3736 891 3786 21
911 3747 964 3801 quo
983 3737 1012 3786 at
1028 3731 1060 3797 F,
1079 3694 1132 3801 (iad
1150 3731 1178 3795 td
1195 3749 1258 3787 corr·
1276 3750 1317 3789 ex
1334 3740 1394 3806 tlp

220 3817 252 3867 22
266 3817 406 3885 posterior
424 3818 435 3870 l
451 3819 478 3873 iu
498 3820 539 3889 spi
556 3837 625 3876 corr.
643 3828 673 3875 ut
695 3824 752 3879 uid.
775 3840 815 3879 ex
832 3841 841 3878 1
857 3825 886 3879 in
903 3824 936 3890 F,
962 3824 1067 3895 [pintus
1083 3846 1102 3895 φ
1178 3830 1210 3880 23
1229 3824 1395 3883 efflauerunt

219 3922 291 3961 corr.
310 3909 338 3962 r'rr
357 3909 508 3966 efflauermt
526 3914 553 3967 in
571 3913 604 3979 F,
624 3915 812 3987 elilauermtp
876 3918 1003 3988 pha13F
1068 3915 1185 3974 tumulth
1203 3919 1263 3980 ised
1280 3922 1395 3993 napata

219 4015 328 4054 rursum
346 4002 444 4063 deletui
462 4004 494 4069 F,
513 4006 665 4078 tumultup
735 4014 767 4064 25
786 4007 919 4080 pugnamh
936 4011 980 4081 Fp
1040 4014 1175 4083 gerlionee
1192 4012 1223 4067 F
1280 4020 1314 4070 26
1333 4016 1395 4074 art-

226 4094 356 4165 sm'ptum
374 4113 659 4156 unramoeruosuou
670 4106 732 4157 ‚u’rir
744 4144 750 4155 .
761 4107 911 4159 maixime
929 4106 933 4175 Ι
952 4121 1058 4160 naemu
1076 4125 1173 4163 umas.
1184 4114 1218 4164 ῆι
1235 4108 1264 4161 r'rr
1282 4108 1312 4163 F
