2934 4900
525 243 597 292 che.
621 206 827 323 unstrut]
886 220 898 293 ζ
922 218 953 301 ἒξ
1002 228 1004 233 ’
1029 266 1045 283 ,,
1091 259 1094 261 Α
1171 235 1228 297 101

54 391 166 474 ipsius
188 391 258 458 anri
281 393 399 459 damno
422 395 608 477 pretiosum.
647 395 688 461 de
711 397 820 463 multis
843 416 927 481 quae
948 399 1034 464 circa
1049 400 1228 466 cubiculum
1330 380 1332 382 V

54 502 211 567 dominae
241 504 406 572 stabulant
433 505 611 589 procedunt
639 513 790 591 quattuor
816 507 977 575 candidae
1004 510 1172 576 columbae
1200 517 1234 576 et

54 612 175 678 hilaris
197 613 379 680 incessibus
400 614 488 699 picta
509 617 592 681 colla
613 623 803 700 torquentes
824 617 935 702 iugum
956 639 1137 702 gemmeum
1159 621 1233 686 sub

53 728 136 788 eunt
166 730 381 809 susceptaque
402 723 534 791 domina
563 727 670 793 laetae
694 727 878 794 suhuolant.
911 748 1037 793 currum
1059 728 1141 796 deae
1162 753 1234 816 pro-

23 837 35 882 5
54 840 234 917 sequentes
265 835 402 918 gannitu
423 837 641 922 constrepenti
663 837 779 903 lasciui
801 844 837 902 ut
867 857 1020 924 passeres
1047 846 1080 905 et
1107 847 1233 907 ceterae

54 961 142 1026 quae
173 943 267 1011 dulce
298 945 455 1011 cantitant
484 966 564 1012 aues
593 947 718 1013 melleis
753 947 892 1015 modulis
914 968 1014 1016 suane
1042 958 1234 1017 resonantes

53 1055 234 1119 aduentum
267 1053 349 1120 deae
380 1057 599 1140 pronuntiant.
639 1057 757 1122 cedunt
789 1057 893 1125 nubes
921 1066 954 1124 et
981 1059 1113 1138 Caelum
1144 1061 1232 1126 filiae
1263 1121 1269 1134 ,

53 1163 212 1248 panditur
234 1170 267 1230 et
294 1186 438 1242 summus
467 1166 578 1232 aether
607 1187 677 1232 cum
711 1167 830 1250 gaudio
863 1169 998 1255 suscipit
984 1169 1133 1256 tdeam.
1171 1191 1232 1237 nee

53 1275 172 1340 obuias
196 1275 324 1359 aquilas
346 1277 400 1340 uel
422 1277 593 1360 accipitres
621 1295 757 1361 rapaces
786 1278 984 1361 pertimescit
1011 1300 1149 1364 magnae
1172 1281 1232 1346 Ve-

12 1399 36 1448 ιι
52 1386 144 1452 neris
168 1403 289 1450 canora
306 1386 446 1452 tamilia

34 1485 37 1491 ’
140 1497 235 1560 'Punc
264 1515 298 1562 se
326 1496 473 1581 protinus
501 1496 544 1562 ad
572 1497 659 1563 Iouis
687 1499 795 1583 regias
817 1517 909 1564 arces
931 1498 1042 1582 dirigit
1063 1506 1097 1565 et
1125 1501 1228 1585 petitu
1250 1492 1307 1558 Vll

53 1605 197 1690 superbo
225 1606 390 1691 Mercurii,
429 1606 481 1691 dei
514 1608 653 1689 uocalis,
691 1627 811 1693 operae
843 1609 1062 1675 necessarium
1098 1630 1230 1677 usuram

51 1717 209 1800 postulat.
246 1735 305 1782 nec
327 1717 456 1782 rennuit
476 1719 563 1784 Iouis
586 1720 748 1784 caerulum
775 1718 993 1804 supercilium.
1029 1725 1105 1800 hinc
1127 1741 1229 1787 ouans

52 1827 127 1892 ilico
152 1827 327 1893 comitante
349 1828 447 1893 etiam
469 1829 626 1894 Mercurio
649 1829 761 1895 Venus
789 1830 880 1894 caelo
902 1828 1030 1896 demeat
1052 1830 1146 1912 eique
1168 1832 1230 1897 sol-

12 1941 34 1988 li
51 1938 138 2002 licite
163 1938 243 2003 serit
264 1937 365 2003 uerba
390 1930 508 2003 ‘irater
529 1938 630 2006 Arcas
655 1939 719 2006 scis
753 1959 871 2025 nempe
892 1960 1036 2005 sororem
1057 1947 1146 2004 tuam
1168 1941 1229 2006 Vc

9 2051 35 2118 li]
52 2068 164 2113 nerem
199 2047 270 2114 sine
305 2048 455 2114 Mercurii
491 2050 678 2132 praesentia
709 2050 756 2114 nil
785 2069 937 2133 umquam
966 2050 1085 2117 fecisse
1111 2069 1171 2115 nec
1197 2057 1230 2116 te
1272 2065 1278 2076 ·

51 2159 210 2244 praeterit
242 2158 352 2241 utique
380 2166 499 2243 quanto
532 2159 597 2224 iam
629 2166 774 2244 ternpore
803 2159 1043 2227 delitescentem
1077 2161 1229 2228 ancillam

51 2270 256 2353 nequiuerim
285 2269 459 2353 repperire.
497 2271 543 2335 nil
572 2287 648 2353 ergo
679 2277 828 2355 superest
850 2290 945 2355 quam
976 2277 1032 2335 tuo
1054 2270 1228 2355 praeconio

51 2380 233 2464 praemium
250 2378 510 2463 inuestigationis
531 2380 705 2465 publicitus
720 2380 857 2447 edicere.
882 2381 933 2445 fac
949 2400 1025 2465 ergo
1042 2380 1228 2446 mandatum

10 2498 35 2547 ιι
51 2498 196 2558 matures
214 2509 319 2555 meum
343 2497 374 2556 et
395 2490 516 2556 indicia
532 2492 587 2575 qui
602 2492 705 2574 possit
720 2492 862 2575 agnosci,
879 2492 1049 2558 manifeste
1063 2490 1226 2575 designes,

51 2621 90 2666 ne
114 2600 221 2685 siquis
244 2601 466 2667 occultationis
489 2601 620 2666 illicitae
642 2601 763 2667 crimen
786 2602 929 2685 subierit,
966 2602 1170 2685 ignorantiae
1192 2622 1229 2667 se

52 2712 158 2795 possit
179 2712 389 2777 excusatione
412 2705 602 2777 defendere'
627 2718 660 2778 et
682 2713 778 2777 simul
800 2712 911 2777 dicens
934 2712 1078 2777 libellum
1102 2710 1132 2776 ei
1155 2732 1227 2793 por·

52 2823 126 2906 rigit
148 2823 207 2888 ubi
228 2821 373 2905 Psyches
395 2841 512 2887 nomen
535 2821 759 2887 continebatur
780 2828 813 2887 et
834 2828 950 2887 cetera.
974 2842 1037 2905 quo
1052 2821 1136 2885 iacto
1151 2841 1225 2903 pro-

51 2932 137 2999 tinus
162 2931 294 2998 domum
319 2932 462 2998 secessit.

10 3050 34 3101 la
135 3044 207 3109 Nec
228 3042 405 3109 Mercurius
434 3041 542 3107 omisit
568 3041 770 3123 obsequium.
807 3062 882 3106 nam
911 3060 969 3125 per
998 3040 1140 3105 omnium
1167 3061 1225 3105 ora
1245 3043 1324 3109 VIM
1351 3114 1356 3123 ,

51 3156 243 3241 populorum
265 3152 389 3237 passim
411 3151 596 3219 discurrens
620 3152 667 3219 sic
687 3151 862 3216 mandatae
883 3150 1137 3236 praedicationis
1160 3171 1226 3215 mu-

50 3284 110 3330 nus
135 3261 358 3347 exequebatur
377 3256 500 3345 ‘siquis
522 3282 543 3327 a
564 3264 641 3347 fuga
662 3262 826 3328 retrabere
840 3262 894 3328 uel
908 3261 1065 3326 occultam
1094 3260 1226 3326 demon-

51 3381 155 3440 strare
177 3373 296 3458 poterit
317 3370 485 3455 fugitiuam
508 3372 594 3456 regis
617 3372 727 3456 filiam,
750 3372 888 3439 Veneris
911 3371 1072 3453 ancillam,
1095 3371 1226 3436 nomine

50 3485 219 3569 Psychen,
249 3482 421 3547 conueniat
448 3488 532 3547 retro
562 3489 664 3549 metas
686 3482 822 3549 Murtias
843 3482 1035 3547 Mercurium
1057 3479 1224 3564 praedica-

10 3596 35 3647 30
50 3602 153 3660 torem
182 3599 373 3677 accepturus
409 3590 572 3657 indicinae
601 3592 731 3658 nomine
762 3593 803 3657 ab
837 3593 911 3677 ipsa
938 3592 1065 3657 Venere
1100 3597 1224 3675 septem

51 3706 144 3770 sauia
168 3702 283 3769 suauia
305 3710 336 3767 et
357 3722 456 3767 unum
479 3700 682 3771 blandientis
711 3703 851 3787 adpulsu
882 3703 1012 3785 linguae
1033 3701 1129 3783 longe
1151 3702 1227 3765 mel·

51 3808 168 3879 litum.²

120 4074 151 4123 12
171 4076 196 4123 et
217 4074 247 4123 16
264 4032 383 4123 mercuml
400 4074 417 4131 (r
435 4064 498 4119 odd.
523 4080 620 4119 monus
636 4066 780 4126 recentior)
798 4064 826 4116 F
910 4048 939 4116 13
956 4064 1026 4116 rourt'
1039 4062 1188 4133 for-sonet
1202 4061 1232 4115 F
1240 4074 1243 4080 ’

52 4166 113 4217 osis
131 4164 304 4218 ouanioorr
322 4161 424 4216 ataid.
449 4159 560 4214 ecclia
578 4158 610 4221 F,
628 4158 749 4226 ouant'p
838 4161 868 4210 15
886 4156 1041 4224 arcaldrt'cri
1063 4155 1108 4223 Fp
1196 4159 1226 4208 16

51 4252 143 4323 unqub
161 4256 189 4309 F
269 4260 303 4311 28
321 4249 476 4322 fugrtruh(
504 4252 566 4307 add.
585 4267 682 4307 manas
698 4249 829 4315 secundo)
846 4250 875 4305 F
940 4255 971 4303 30
989 4248 1114 4317 rndrcmre
1135 4248 1167 4311 F,
1185 4264 1228 4301 rn-
1306 4296 1310 4301 Α

52 4376 188 4445 ὼιιιιιιφ
274 4378 303 4428 31
325 4373 399 4428 fabra
416 4372 445 4426 F
