2934 4900
456 226 462 243 '
501 285 505 290 f
529 245 601 293 oar.
625 245 801 293 xv-xvrn
1188 238 1252 299 165
1331 216 1333 221 ’

66 386 171 479 ‘ergo'
196 396 301 479 inquit
322 416 404 462 anus
424 389 523 463 ‘nosti
551 375 659 463 totam
677 398 854 465 Philetaeri
883 406 914 465 et
941 401 1045 486 ipsius
1073 397 1249 485 fabulamt'
1367 438 1370 447 Δ

66 506 220 571 ‘minime
240 498 392 589 gentium’
416 508 520 591 inquit
539 506 612 574 ‘sed
633 529 730 577 nosse
752 509 848 576 ualde
870 512 964 595 cupio
987 519 1019 579 et
1040 532 1112 595 oro,
1135 520 1250 597 maten.

69 616 189 681 ordine
212 616 290 681 mihi
314 617 443 701 singula
465 610 594 684 retexe’
1235 624 1236 627 ’

159 728 229 792 Nec
250 734 445 793 commorata
466 728 524 793 illa
545 730 787 811 sermocinatrix
814 730 976 795 inmodica
998 733 1045 797 sic
1066 752 1148 799 anus
1170 733 1251 797 inci-v

33 839 121 919 cpIt
139 830 318 903 ‘Barbarus
339 838 401 903 iste
422 857 493 903 cum
515 840 733 905 necessariam
755 841 983 924 profectionem
1005 850 1134 926 pararet
1155 842 1250 928 pudi-

67 947 245 1031 citiamque
267 966 364 1013 carae
384 948 531 1032 coniugis
554 967 745 1015 conseruare
768 970 893 1016 summa
915 950 1084 1034 diligentia
1105 961 1248 1036 cuperet,¹

68 1059 239 1142 seruulum
262 1079 355 1123 suum
376 1060 569 1144 Myrmecem
584 1059 740 1125 fidelitate
755 1064 930 1145 praecipua
945 1064 1106 1145 cognitum
1122 1048 1249 1129 secreto

68 1176 255 1233 commonet
277 1188 420 1250 suaeque
442 1168 593 1234 dominae
614 1170 813 1235 custodelam
836 1152 1157 1256 omnemsspermittit,'
1174 1193 1245 1240 ear·-

67 1298 178 1345 cerem
201 1286 234 1344 et
254 1287 413 1363 perpetua
427 1281 566 1358 uincula,
590 1289 724 1345 mortem
740 1280 880 1365 denique
894 1262 1069 1348 uiolentam
1087 1282 1245 1347 defamem

17 1404 48 1452 ro
67 1388 286 1457 comminatus
308 1389 337 1455 si
359 1390 528 1474 quisquam
550 1389 715 1455 hominnm
738 1393 790 1455 uel
811 1392 845 1457 in
868 1392 1006 1459 transitu
1027 1392 1127 1476 digito
1149 1401 1246 1459 tenus

67 1499 151 1565 eam'
172 1500 361 1583 contigisset
397 1500 494 1583 idque
530 1499 681 1567 deierans
718 1502 815 1567 etiam
844 1502 1011 1567 coufirmat
1042 1522 1101 1586 per
1137 1502 1272 1567 omnia·

66 1610 184 1675 diuina
206 1610 349 1675 numina.
393 1631 469 1693 ergo
497 1611 596 1695 igitur
617 1632 741 1679 summo
763 1592 884 1696 pauore
905 1614 1087 1697 perculsum
1108 1612 1245 1696 Myrme-

66 1740 140 1786 cem
172 1720 365 1785 acerrimum
393 1721 579 1805 relinquens
617 1722 709 1788 uxori
746 1729 924 1789 secutorem
961 1742 1107 1789 securam
1135 1720 1245 1805 dirigit

2 1820 48 1881 m]
65 1830 311 1915 profectionem.
355 1841 430 1897 tunc
460 1832 621 1897 obstinato
650 1833 758 1897 animo
788 1832 995 1899 uehementer
1022 1832 1140 1898 anxius
1161 1832 1244 1915 Myn-

17 1959 46 2007 15
65 1961 145 2006 mex
166 1960 227 2006 nec
249 1960 386 2024 usquam
409 1940 573 2007 dominam
601 1962 693 2008 suam
722 1943 874 2027 progredi
896 1942 1023 2009 sinebat
1044 1949 1076 2008 et
1102 1941 1243 2006 lanificio

67 2051 249 2118 domestico
271 2051 449 2117 districtam
471 2052 701 2136 inseparabilis
729 2052 901 2119 adsidebat
929 2072 967 2117 ac
988 2058 1111 2118 tantum
1134 2070 1243 2117 neees-

66 2162 157 2229 sario
179 2162 358 2246 uespertini
386 2162 509 2227 lauacri
537 2182 709 2246 progressu
738 2162 864 2230 adfixus
886 2170 983 2245 atque
1005 2162 1243 2245 conglutinatus

64 2278 231 2338 extremas
263 2292 362 2337 manu
393 2273 556 2357 prendens
583 2274 722 2338 lacinias
751 2273 832 2338 mira
855 2274 1030 2357 sagacitate
1052 2273 1242 2338 commissae

63 2383 256 2470 prouinciae
277 2381 374 2450 fidem
395 2383 554 2450 tuebatur.
577 2382 636 2450 sed
658 2382 828 2466 ardentem
841 2383 1015 2450 Philetaeri
1037 2383 1241 2468 uigilantiam
1263 2387 1373 2476 XVIII

13 2509 44 2558 uo
63 2502 235 2560 matronae
256 2494 375 2561 nobilis
396 2492 601 2579 pulchritudo
614 2496 725 2560 'latere
740 2514 805 2560 non
827 2494 938 2576 potuit.
962 2502 1058 2578 atque
1081 2495 1142 2560 hac
1170 2495 1244 2579 ipsa

62 2606 272 2691 potissimum
292 2605 429 2685 ,famosa
461 2605 610 2670 castitate
638 2612 669 2670 et
697 2605 836 2688 insignis
862 2604 984 2670 tutelae
1005 2605 1170 2670 nimietate
1193 2604 1240 2670 in-

62 2716 202 2782 stinctus
217 2721 314 2798 atque
334 2715 551 2781 inflammatus
573 2714 702 2796 quiduis
723 2716 839 2796 facere,
864 2713 992 2797 quiduis
1014 2715 1083 2798 pati
1104 2722 1237 2798 paratus

61 2826 107 2891 ad
130 2825 380 2910 expugnandam
413 2832 559 2890 tenacem
587 2824 701 2890 domus
729 2824 933 2909 disciplinam
960 2824 1037 2889 totis
1065 2825 1242 2907 accingitur

61 2936 191 3002 uiribus
213 2942 383 3019 certusque
410 2935 595 3018 fragilitatis
624 2933 785 2999 humanae
816 2933 890 2998 fidei
913 2940 945 2999 et
966 2932 1052 3016 quod
1082 2934 1240 3018 pecuniae

11 3051 41 3100 25
61 3054 201 3112 cunctae
222 3045 287 3112 sint
309 3045 514 3137 difficultates
542 3045 675 3130 peruiae
697 3063 840 3128 auroque
862 3045 987 3108 soleant
1009 3042 1238 3108 adamantinae

61 3158 165 3223 etiam
185 3157 343 3241 perfringi
358 3157 453 3238 fores,
476 3163 655 3241 opportune
670 3163 806 3220 nanctus
820 3154 991 3238 Myrmecis
1015 3153 1185 3234 solitatem,
1210 3153 1240 3217 ei

60 3285 209 3334 amorem
218 3287 309 3332 suum
317 3267 422 3350 aperit
429 3266 606 3350 etsupplex
612 3263 862 3330 cummedellam
871 3264 1025 3329 cruciatui
1038 3263 1239 3346 deprecatur.

61 3398 142 3444 nam
165 3376 227 3443 sibi
250 3383 401 3442 statutam
423 3377 648 3458 decretamque
663 3383 795 3440 mortem
817 3375 1001 3458 proximare
1023 3373 1057 3437 ni
1081 3373 1238 3439 maturius

60 3487 173 3572 cupito
202 3488 351 3571 potiatur.
393 3506 454 3552 nec
482 3507 556 3552 eum
583 3493 691 3551 tamen
713 3486 885 3569 quicquam
907 3484 941 3549 in
963 3503 997 3548 re
1019 3483 1107 3568 facili
1130 3483 1239 3547 formi-

9 3603 41 3653 30
59 3599 143 3664 dare
168 3597 286 3662 debere
313 3597 433 3683 quippe
469 3617 541 3662 cum
577 3616 715 3681 uespera
739 3596 827 3662 solus
850 3593 914 3660 fide
936 3593 1142 3659 tenebrarum
1165 3612 1238 3658 con-

58 3715 168 3779 tectus
190 3715 287 3791 atque
309 3707 516 3773 absconditus
545 3707 745 3790 introrepere
775 3713 806 3770 et
834 3705 920 3770 intra
942 3710 1137 3768 momentum
1160 3707 1241 3770 temss'

58 3821 153 3905 poris
176 3837 321 3893 remeare
349 3826 475 3901 posset,
508 3817 561 3884 his
583 3823 616 3883 et
636 3816 769 3882 huiusce
804 3814 892 3880 modi
921 3812 1064 3880 suadelis
1092 3812 1236 3878 ualidum
1277 3893 1281 3900 ¹

135 4095 310 4164 tphdetherr
335 4094 363 4148 F
460 4098 636 4148 'lmrrmmen
660 4093 704 4162 Fe
799 4091 865 4146 tide
891 4091 962 4144 lame
987 4091 1101 4146 coniecit
1127 4089 1236 4144 eortius

60 4198 89 4246 lt
114 4187 245 4258 congris&
261 4187 294 4253 F,
320 4186 522 4256 contipgrlldup
601 4185 731 4255 degerans
746 4185 789 4254 Fe
876 4188 906 4236 12
924 4198 1076 4254 myrmecen
1093 4182 1121 4236 F
1205 4187 1234 4234 15

57 4289 106 4342 lua
123 4284 182 4354 sp:
202 4284 248 4336 lua
265 4281 293 4335 F
376 4286 406 4335 19
424 4281 588 4349 philetuthen
603 4279 633 4337 F
706 4283 739 4333 26
757 4278 890 4347 myrmucrl
907 4275 934 4330 F
1011 4261 1116 4330 lohtatit
1134 4277 1173 4330 sic
1190 4275 1235 4344 Fp

56 4385 90 4434 29
111 4376 206 4447 cupita
222 4375 337 4431 coniecit
353 4373 488 4454 lticueur
525 4439 529 4448 ‚
