<?xml version="1.0" encoding="UTF-8"?>
<!DOCTYPE html PUBLIC "-//W3C//DTD XHTML 1.0 Transitional//EN"
    "http://www.w3.org/TR/xhtml1/DTD/xhtml1-transitional.dtd">
<html xmlns="http://www.w3.org/1999/xhtml" xml:lang="en" lang="en">
 <head>
  <title>
</title>
<meta http-equiv="Content-Type" content="text/html;charset=utf-8" />
  <meta name='ocr-system' content='tesseract 3.04.00' />
  <meta name='ocr-capabilities' content='ocr_page ocr_carea ocr_par ocr_line ocrx_word'/>
</head>
<body>
  <div class='ocr_page' id='page_1' title='image "./metamorphoseonl00eyssgoog/metamorphoseonl00eyssgoog_0024.png"; bbox 0 0 2934 4900; ppageno 0'>
   <div class='ocr_carea' id='block_1_1' title="bbox 223 192 866 257">
    <p class='ocr_par' dir='ltr' id='par_1_1' title="bbox 223 192 866 257">
     <span class='ocr_line' id='line_1_1' title="bbox 223 192 866 257; baseline 0.008 -5"><span class='ocrx_word' id='word_1_1' title='bbox 223 192 261 252; x_wconf 82' lang='lat'>12</span> <span class='ocrx_word' id='word_1_2' title='bbox 739 209 832 257; x_wconf 75' lang='grc'><strong>1111111</strong></span> <span class='ocrx_word' id='word_1_3' title='bbox 853 212 866 257; x_wconf 88' lang='grc'>1</span> 
     </span>
    </p>
   </div>
   <div class='ocr_carea' id='block_1_2' title="bbox 65 353 1460 3757">
    <p class='ocr_par' dir='ltr' id='par_1_2' title="bbox 216 353 1437 887">
     <span class='ocr_line' id='line_1_2' title="bbox 305 353 1393 447; baseline 0.005 -23"><span class='ocrx_word' id='word_1_4' title='bbox 305 359 356 424; x_wconf 80' lang='lat' dir='ltr'>Ad</span> <span class='ocrx_word' id='word_1_5' title='bbox 378 361 460 426; x_wconf 91' lang='lat' dir='ltr'>haec</span> <span class='ocrx_word' id='word_1_6' title='bbox 481 362 536 426; x_wconf 91' lang='lat' dir='ltr'>ille</span> <span class='ocrx_word' id='word_1_7' title='bbox 566 361 738 428; x_wconf 82' lang='lat' dir='ltr'>subridens</span> <span class='ocrx_word' id='word_1_8' title='bbox 764 353 811 425; x_wconf 85' lang='lat' dir='ltr'>‘at</span> <span class='ocrx_word' id='word_1_9' title='bbox 837 353 886 428; x_wconf 88' lang='lat' dir='ltr'>tu&#39;</span> <span class='ocrx_word' id='word_1_10' title='bbox 916 362 1021 447; x_wconf 90' lang='lat' dir='ltr'>inquit</span> <span class='ocrx_word' id='word_1_11' title='bbox 1046 354 1124 428; x_wconf 90' lang='lat' dir='ltr'>‘non</span> <span class='ocrx_word' id='word_1_12' title='bbox 1152 362 1310 446; x_wconf 86' lang='lat' dir='ltr'>sanguine</span> <span class='ocrx_word' id='word_1_13' title='bbox 1332 364 1393 429; x_wconf 90' lang='lat' dir='ltr'>sed</span> 
     </span>
     <span class='ocr_line' id='line_1_3' title="bbox 218 469 1393 557; baseline 0.002 -22"><span class='ocrx_word' id='word_1_14' title='bbox 218 469 296 536; x_wconf 90' lang='lat' dir='ltr'>lotio</span> <span class='ocrx_word' id='word_1_15' title='bbox 318 471 468 556; x_wconf 90' lang='lat' dir='ltr'>pertusus</span> <span class='ocrx_word' id='word_1_16' title='bbox 496 491 542 555; x_wconf 91' lang='lat' dir='ltr'>es,</span> <span class='ocrx_word' id='word_1_17' title='bbox 571 491 682 538; x_wconf 92' lang='lat' dir='ltr'>uerum</span> <span class='ocrx_word' id='word_1_18' title='bbox 712 478 820 545; x_wconf 87' lang='lat' dir='ltr'>tamen</span> <span class='ocrx_word' id='word_1_19' title='bbox 843 479 876 538; x_wconf 89' lang='lat' dir='ltr'>et</span> <span class='ocrx_word' id='word_1_20' title='bbox 896 472 968 556; x_wconf 90' lang='lat' dir='ltr'>ipse</span> <span class='ocrx_word' id='word_1_21' title='bbox 990 491 1048 557; x_wconf 91' lang='lat' dir='ltr'>per</span> <span class='ocrx_word' id='word_1_22' title='bbox 1070 473 1228 539; x_wconf 91' lang='lat' dir='ltr'>somnium</span> <span class='ocrx_word' id='word_1_23' title='bbox 1250 473 1393 555; x_wconf 88' lang='lat' dir='ltr'>iugulari</span> 
     </span>
     <span class='ocr_line' id='line_1_4' title="bbox 218 581 1392 666; baseline 0.001 -20"><span class='ocrx_word' id='word_1_24' title='bbox 218 581 308 648; x_wconf 89' lang='lat' dir='ltr'>uisus</span> <span class='ocrx_word' id='word_1_25' title='bbox 324 602 404 648; x_wconf 89' lang='lat' dir='ltr'>sum.</span> <span class='ocrx_word' id='word_1_26' title='bbox 441 581 523 647; x_wconf 89' lang='lat' dir='ltr'>nihil</span> <span class='ocrx_word' id='word_1_27' title='bbox 537 603 602 648; x_wconf 92' lang='lat' dir='ltr'>non</span> <span class='ocrx_word' id='word_1_28' title='bbox 625 589 656 648; x_wconf 91' lang='lat' dir='ltr'>et</span> <span class='ocrx_word' id='word_1_29' title='bbox 677 582 822 666; x_wconf 85' lang='lat' dir='ltr'>iugulum</span> <span class='ocrx_word' id='word_1_30' title='bbox 837 583 934 649; x_wconf 90' lang='lat' dir='ltr'>istum</span> <span class='ocrx_word' id='word_1_31' title='bbox 956 582 1044 648; x_wconf 90' lang='lat' dir='ltr'>dolui</span> <span class='ocrx_word' id='word_1_32' title='bbox 1060 588 1092 648; x_wconf 92' lang='lat' dir='ltr'>et</span> <span class='ocrx_word' id='word_1_33' title='bbox 1113 602 1168 649; x_wconf 90' lang='lat' dir='ltr'>cor</span> <span class='ocrx_word' id='word_1_34' title='bbox 1188 583 1295 666; x_wconf 89' lang='lat' dir='ltr'>ipsum</span> <span class='ocrx_word' id='word_1_35' title='bbox 1309 583 1392 647; x_wconf 90' lang='lat' dir='ltr'>mihi</span> 
     </span>
     <span class='ocr_line' id='line_1_5' title="bbox 218 691 1393 779; baseline 0.002 -23"><span class='ocrx_word' id='word_1_36' title='bbox 218 691 316 756; x_wconf 91' lang='lat' dir='ltr'>auelli</span> <span class='ocrx_word' id='word_1_37' title='bbox 338 692 451 777; x_wconf 90' lang='lat' dir='ltr'>putaui</span> <span class='ocrx_word' id='word_1_38' title='bbox 474 698 505 758; x_wconf 91' lang='lat' dir='ltr'>et</span> <span class='ocrx_word' id='word_1_39' title='bbox 526 694 726 759; x_wconf 84' lang='lat' dir='ltr'>nuncetiam</span> <span class='ocrx_word' id='word_1_40' title='bbox 750 693 866 779; x_wconf 89' lang='lat' dir='ltr'>spiritu</span> <span class='ocrx_word' id='word_1_41' title='bbox 880 692 1011 760; x_wconf 90' lang='lat' dir='ltr'>deficior</span> <span class='ocrx_word' id='word_1_42' title='bbox 1033 699 1066 758; x_wconf 91' lang='lat' dir='ltr'>et</span> <span class='ocrx_word' id='word_1_43' title='bbox 1086 711 1194 776; x_wconf 90' lang='lat' dir='ltr'>genua</span> <span class='ocrx_word' id='word_1_44' title='bbox 1215 693 1341 777; x_wconf 91' lang='lat' dir='ltr'>quatior</span> <span class='ocrx_word' id='word_1_45' title='bbox 1357 700 1393 759; x_wconf 90' lang='lat' dir='ltr'>et</span> 
     </span>
     <span class='ocr_line' id='line_1_6' title="bbox 216 794 1437 887; baseline 0.006 -21"><span class='ocrx_word' id='word_1_46' title='bbox 216 801 320 885; x_wconf 85' lang='lat' dir='ltr'>gradu</span> <span class='ocrx_word' id='word_1_47' title='bbox 341 802 443 868; x_wconf 91' lang='lat' dir='ltr'>titubo</span> <span class='ocrx_word' id='word_1_48' title='bbox 466 809 497 868; x_wconf 88' lang='lat' dir='ltr'>et</span> <span class='ocrx_word' id='word_1_49' title='bbox 518 803 642 887; x_wconf 89' lang='lat' dir='ltr'>aliquid</span> <span class='ocrx_word' id='word_1_50' title='bbox 664 804 789 870; x_wconf 91' lang='lat' dir='ltr'>cibatus</span> <span class='ocrx_word' id='word_1_51' title='bbox 809 804 983 869; x_wconf 87' lang='lat' dir='ltr'>refouendo</span> <span class='ocrx_word' id='word_1_52' title='bbox 1006 803 1120 887; x_wconf 90' lang='lat' dir='ltr'>spiritu</span> <span class='ocrx_word' id='word_1_53' title='bbox 1142 794 1316 870; x_wconf 82' lang='lat' dir='ltr'>desideru&#39;</span> <span class='ocrx_word' id='word_1_54' title='bbox 1410 807 1437 873; x_wconf 80' lang='grc'>5.</span> 
     </span>
    </p>

    <p class='ocr_par' dir='ltr' id='par_1_3' title="bbox 212 904 1391 1218">
     <span class='ocr_line' id='line_1_7' title="bbox 300 904 1391 998; baseline 0.003 -21"><span class='ocrx_word' id='word_1_55' title='bbox 300 904 375 978; x_wconf 83' lang='lat' dir='ltr'>‘En&#39;</span> <span class='ocrx_word' id='word_1_56' title='bbox 400 914 533 997; x_wconf 91' lang='lat' dir='ltr'>inquam</span> <span class='ocrx_word' id='word_1_57' title='bbox 552 905 713 998; x_wconf 85' lang='lat' dir='ltr'>‘paratum</span> <span class='ocrx_word' id='word_1_58' title='bbox 734 914 794 980; x_wconf 91' lang='lat' dir='ltr'>tibi</span> <span class='ocrx_word' id='word_1_59' title='bbox 808 914 903 980; x_wconf 91' lang='lat' dir='ltr'>adest</span> <span class='ocrx_word' id='word_1_60' title='bbox 920 905 1129 983; x_wconf 88' lang='lat' dir='ltr'>ientaculum&#39;</span> <span class='ocrx_word' id='word_1_61' title='bbox 1155 919 1280 978; x_wconf 91' lang='lat' dir='ltr'>etcum</span> <span class='ocrx_word' id='word_1_62' title='bbox 1302 913 1391 980; x_wconf 88' lang='lat' dir='ltr'>dicto</span> 
     </span>
     <span class='ocr_line' id='line_1_8' title="bbox 213 1023 1390 1109; baseline 0.002 -22"><span class='ocrx_word' id='word_1_63' title='bbox 213 1023 354 1095; x_wconf 88' lang='lat' dir='ltr'>mantica</span> <span class='ocrx_word' id='word_1_64' title='bbox 374 1043 447 1088; x_wconf 88' lang='lat' dir='ltr'>mea</span> <span class='ocrx_word' id='word_1_65' title='bbox 476 1043 604 1090; x_wconf 90' lang='lat' dir='ltr'>umeros</span> <span class='ocrx_word' id='word_1_66' title='bbox 627 1044 719 1108; x_wconf 87' lang='lat' dir='ltr'>exuo,</span> <span class='ocrx_word' id='word_1_67' title='bbox 750 1044 882 1092; x_wconf 89' lang='lat' dir='ltr'>caseum</span> <span class='ocrx_word' id='word_1_68' title='bbox 903 1043 975 1088; x_wconf 89' lang='lat' dir='ltr'>cum</span> <span class='ocrx_word' id='word_1_69' title='bbox 996 1043 1082 1109; x_wconf 90' lang='lat' dir='ltr'>pane</span> <span class='ocrx_word' id='word_1_70' title='bbox 1103 1043 1240 1108; x_wconf 82' lang='lat' dir='ltr'>propere</span> <span class='ocrx_word' id='word_1_71' title='bbox 1263 1024 1294 1090; x_wconf 94' lang='lat' dir='ltr'>ei</span> <span class='ocrx_word' id='word_1_72' title='bbox 1315 1044 1390 1108; x_wconf 92' lang='lat' dir='ltr'>por·</span> 
     </span>
     <span class='ocr_line' id='line_1_9' title="bbox 212 1126 1069 1218; baseline 0 -20"><span class='ocrx_word' id='word_1_73' title='bbox 212 1133 281 1216; x_wconf 85' lang='lat' dir='ltr'>rigo</span> <span class='ocrx_word' id='word_1_74' title='bbox 304 1139 335 1198; x_wconf 91' lang='lat' dir='ltr'>et</span> <span class='ocrx_word' id='word_1_75' title='bbox 354 1126 459 1200; x_wconf 80' lang='lat' dir='ltr'>‘iuxta</span> <span class='ocrx_word' id='word_1_76' title='bbox 480 1135 648 1218; x_wconf 89' lang='lat' dir='ltr'>platanum</span> <span class='ocrx_word' id='word_1_77' title='bbox 668 1134 764 1202; x_wconf 92' lang='lat' dir='ltr'>istam</span> <span class='ocrx_word' id='word_1_78' title='bbox 785 1127 980 1201; x_wconf 89' lang='lat' dir='ltr'>residamus’</span> <span class='ocrx_word' id='word_1_79' title='bbox 1005 1134 1069 1199; x_wconf 55' lang='lat' dir='ltr'>aio⁸</span> 
     </span>
    </p>

    <p class='ocr_par' dir='ltr' id='par_1_4' title="bbox 65 1227 1460 3757">
     <span class='ocr_line' id='line_1_10' title="bbox 65 1227 1389 1330; baseline 0.002 -23"><span class='ocrx_word' id='word_1_80' title='bbox 65 1227 190 1291; x_wconf 68' lang='lat' dir='ltr'>XVIIII</span> <span class='ocrx_word' id='word_1_81' title='bbox 298 1244 367 1323; x_wconf 78' lang='lat' dir='ltr'>Quo</span> <span class='ocrx_word' id='word_1_82' title='bbox 402 1245 485 1310; x_wconf 88' lang='lat' dir='ltr'>tacto</span> <span class='ocrx_word' id='word_1_83' title='bbox 508 1252 545 1322; x_wconf 71' lang='lat' dir='ltr'>,et</span> <span class='ocrx_word' id='word_1_84' title='bbox 572 1245 644 1329; x_wconf 89' lang='lat' dir='ltr'>ipse</span> <span class='ocrx_word' id='word_1_85' title='bbox 674 1244 797 1330; x_wconf 86' lang='lat' dir='ltr'>aliquid</span> <span class='ocrx_word' id='word_1_86' title='bbox 824 1244 969 1310; x_wconf 83' lang='lat' dir='ltr'>indidem</span> <span class='ocrx_word' id='word_1_87' title='bbox 1005 1264 1095 1310; x_wconf 91' lang='lat' dir='ltr'>sumo</span> <span class='ocrx_word' id='word_1_88' title='bbox 1125 1263 1263 1328; x_wconf 91' lang='lat' dir='ltr'>eumque</span> <span class='ocrx_word' id='word_1_89' title='bbox 1290 1243 1389 1309; x_wconf 88' lang='lat' dir='ltr'>auide</span> 
     </span>
     <span class='ocr_line' id='line_1_11' title="bbox 211 1353 1437 1440; baseline -0.002 -20"><span class='ocrx_word' id='word_1_90' title='bbox 211 1353 381 1420; x_wconf 80' lang='lat' dir='ltr'><strong>esitantem</strong></span> <span class='ocrx_word' id='word_1_91' title='bbox 414 1356 577 1440; x_wconf 80' lang='lat' dir='ltr'>aspiciens</span> <span class='ocrx_word' id='word_1_92' title='bbox 611 1357 777 1440; x_wconf 89' lang='lat' dir='ltr'>aliquanto</span> <span class='ocrx_word' id='word_1_93' title='bbox 812 1356 966 1420; x_wconf 76' lang='lat' dir='ltr'>intentior</span> <span class='ocrx_word' id='word_1_94' title='bbox 997 1355 1100 1419; x_wconf 86' lang='lat' dir='ltr'>macic</span> <span class='ocrx_word' id='word_1_95' title='bbox 1132 1361 1230 1438; x_wconf 86' lang='lat' dir='ltr'>atque</span> <span class='ocrx_word' id='word_1_96' title='bbox 1261 1354 1389 1436; x_wconf 89' lang='lat' dir='ltr'>pallore</span> <span class='ocrx_word' id='word_1_97' title='bbox 1409 1369 1437 1418; x_wconf 85' lang='lat' dir='ltr'>to</span> 
     </span>
     <span class='ocr_line' id='line_1_12' title="bbox 116 1463 1389 1550; baseline 0.001 -23"><span class='ocrx_word' id='word_1_98' title='bbox 116 1463 118 1470; x_wconf 88' lang='lat'>&#39;</span> <span class='ocrx_word' id='word_1_99' title='bbox 210 1463 316 1530; x_wconf 87' lang='lat' dir='ltr'>buxeo</span> <span class='ocrx_word' id='word_1_100' title='bbox 339 1464 541 1531; x_wconf 90' lang='lat' dir='ltr'>deficientem</span> <span class='ocrx_word' id='word_1_101' title='bbox 564 1465 670 1532; x_wconf 91' lang='lat' dir='ltr'>uideo.</span> <span class='ocrx_word' id='word_1_102' title='bbox 704 1467 752 1533; x_wconf 89' lang='lat' dir='ltr'>sic</span> <span class='ocrx_word' id='word_1_103' title='bbox 774 1465 914 1550; x_wconf 88' lang='lat' dir='ltr'>denique</span> <span class='ocrx_word' id='word_1_104' title='bbox 944 1485 1016 1530; x_wconf 90' lang='lat' dir='ltr'>eum</span> <span class='ocrx_word' id='word_1_105' title='bbox 1039 1465 1148 1530; x_wconf 87' lang='lat' dir='ltr'>uitalis</span> <span class='ocrx_word' id='word_1_106' title='bbox 1170 1465 1257 1529; x_wconf 92' lang='lat' dir='ltr'>color</span> <span class='ocrx_word' id='word_1_107' title='bbox 1279 1463 1389 1529; x_wconf 88' lang='lat' dir='ltr'>turba-</span> 
     </span>
     <span class='ocr_line' id='line_1_13' title="bbox 210 1574 1390 1660; baseline -0.001 -22"><span class='ocrx_word' id='word_1_108' title='bbox 210 1583 301 1640; x_wconf 89' lang='lat' dir='ltr'>uerat</span> <span class='ocrx_word' id='word_1_109' title='bbox 323 1582 357 1640; x_wconf 90' lang='lat' dir='ltr'>ut</span> <span class='ocrx_word' id='word_1_110' title='bbox 379 1576 457 1640; x_wconf 90' lang='lat' dir='ltr'>mibi</span> <span class='ocrx_word' id='word_1_111' title='bbox 479 1596 559 1660; x_wconf 89' lang='lat' dir='ltr'>prae</span> <span class='ocrx_word' id='word_1_112' title='bbox 589 1583 675 1642; x_wconf 87' lang='lat' dir='ltr'>metu</span> <span class='ocrx_word' id='word_1_113' title='bbox 702 1583 877 1643; x_wconf 88' lang='lat' dir='ltr'>nocturnas</span> <span class='ocrx_word' id='word_1_114' title='bbox 906 1575 1003 1641; x_wconf 90' lang='lat' dir='ltr'>etiam</span> <span class='ocrx_word' id='word_1_115' title='bbox 1025 1576 1142 1642; x_wconf 88' lang='lat' dir='ltr'>Furias</span> <span class='ocrx_word' id='word_1_116' title='bbox 1170 1574 1245 1641; x_wconf 89' lang='lat' dir='ltr'>illas</span> <span class='ocrx_word' id='word_1_117' title='bbox 1273 1574 1390 1656; x_wconf 84' lang='lat' dir='ltr'>imagi-</span> 
     </span>
     <span class='ocr_line' id='line_1_14' title="bbox 210 1684 1388 1772; baseline -0.002 -22"><span class='ocrx_word' id='word_1_118' title='bbox 210 1687 301 1750; x_wconf 82' lang='lat' dir='ltr'>nanti</span> <span class='ocrx_word' id='word_1_119' title='bbox 322 1686 492 1753; x_wconf 87' lang='lat' dir='ltr'>trustulum</span> <span class='ocrx_word' id='word_1_120' title='bbox 515 1687 611 1772; x_wconf 87' lang='lat' dir='ltr'>penis</span> <span class='ocrx_word' id='word_1_121' title='bbox 640 1686 726 1771; x_wconf 89' lang='lat' dir='ltr'>quod</span> <span class='ocrx_word' id='word_1_122' title='bbox 747 1687 886 1772; x_wconf 91' lang='lat' dir='ltr'>primum</span> <span class='ocrx_word' id='word_1_123' title='bbox 909 1705 1129 1770; x_wconf 83' lang='lat' dir='ltr'>sumpseram,</span> <span class='ocrx_word' id='word_1_124' title='bbox 1159 1684 1307 1768; x_wconf 90' lang='lat' dir='ltr'>quamuis</span> <span class='ocrx_word' id='word_1_125' title='bbox 1329 1684 1388 1748; x_wconf 90' lang='lat' dir='ltr'>ad·</span> 
     </span>
     <span class='ocr_line' id='line_1_15' title="bbox 210 1793 1388 1877; baseline -0.002 -17"><span class='ocrx_word' id='word_1_126' title='bbox 210 1795 339 1862; x_wconf 91' lang='lat' dir='ltr'>modum</span> <span class='ocrx_word' id='word_1_127' title='bbox 355 1798 516 1863; x_wconf 89' lang='lat' dir='ltr'>modicum</span> <span class='ocrx_word' id='word_1_128' title='bbox 537 1797 654 1864; x_wconf 89' lang='lat' dir='ltr'>mediis</span> <span class='ocrx_word' id='word_1_129' title='bbox 676 1796 823 1863; x_wconf 81' lang='lat' dir='ltr'>faucibus</span> <span class='ocrx_word' id='word_1_130' title='bbox 845 1795 1030 1862; x_wconf 84' lang='lat' dir='ltr'>inhaereret</span> <span class='ocrx_word' id='word_1_131' title='bbox 1050 1815 1089 1860; x_wconf 92' lang='lat' dir='ltr'>ac</span> <span class='ocrx_word' id='word_1_132' title='bbox 1110 1814 1216 1877; x_wconf 90' lang='lat' dir='ltr'>neque</span> <span class='ocrx_word' id='word_1_133' title='bbox 1234 1793 1388 1861; x_wconf 90' lang='lat' dir='ltr'>deorsum</span> 
     </span>
     <span class='ocr_line' id='line_1_16' title="bbox 210 1905 1435 1992; baseline 0.001 -23"><span class='ocrx_word' id='word_1_134' title='bbox 210 1905 359 1972; x_wconf 89' lang='lat' dir='ltr'>demeare</span> <span class='ocrx_word' id='word_1_135' title='bbox 381 1927 487 1991; x_wconf 84' lang='lat' dir='ltr'>neque</span> <span class='ocrx_word' id='word_1_136' title='bbox 509 1929 637 1974; x_wconf 90' lang='lat' dir='ltr'>sursum</span> <span class='ocrx_word' id='word_1_137' title='bbox 659 1925 805 1973; x_wconf 90' lang='lat' dir='ltr'>remeare</span> <span class='ocrx_word' id='word_1_138' title='bbox 826 1913 946 1992; x_wconf 87' lang='lat' dir='ltr'>posset.</span> <span class='ocrx_word' id='word_1_139' title='bbox 981 1925 1058 1971; x_wconf 90' lang='lat' dir='ltr'>nam</span> <span class='ocrx_word' id='word_1_140' title='bbox 1080 1912 1112 1972; x_wconf 92' lang='lat' dir='ltr'>et</span> <span class='ocrx_word' id='word_1_141' title='bbox 1133 1905 1287 1971; x_wconf 81' lang='lat' dir='ltr'>crebritas</span> <span class='ocrx_word' id='word_1_142' title='bbox 1310 1907 1388 1988; x_wconf 90' lang='lat' dir='ltr'>ipsa</span> <span class='ocrx_word' id='word_1_143' title='bbox 1409 1914 1435 1961; x_wconf 81' lang='lat'>15</span> 
     </span>
     <span class='ocr_line' id='line_1_17' title="bbox 209 2011 1386 2100; baseline 0.002 -20"><span class='ocrx_word' id='word_1_144' title='bbox 209 2018 455 2083; x_wconf 82' lang='lat' dir='ltr'>commeantium</span> <span class='ocrx_word' id='word_1_145' title='bbox 484 2023 603 2084; x_wconf 92' lang='lat' dir='ltr'>metum</span> <span class='ocrx_word' id='word_1_146' title='bbox 633 2017 712 2082; x_wconf 89' lang='lat' dir='ltr'>mihi</span> <span class='ocrx_word' id='word_1_147' title='bbox 740 2017 932 2082; x_wconf 86' lang='lat' dir='ltr'>cumulabat.</span> <span class='ocrx_word' id='word_1_148' title='bbox 970 2016 1043 2100; x_wconf 89' lang='lat' dir='ltr'>quis</span> <span class='ocrx_word' id='word_1_149' title='bbox 1072 2016 1158 2080; x_wconf 90' lang='lat' dir='ltr'>enim</span> <span class='ocrx_word' id='word_1_150' title='bbox 1186 2011 1228 2081; x_wconf 82' lang='lat' dir='ltr'>d&#39;e</span> <span class='ocrx_word' id='word_1_151' title='bbox 1257 2015 1386 2082; x_wconf 88' lang='lat' dir='ltr'>duobus</span> 
     </span>
     <span class='ocr_line' id='line_1_18' title="bbox 208 2125 1385 2212; baseline 0 -22"><span class='ocrx_word' id='word_1_152' title='bbox 208 2127 359 2190; x_wconf 90' lang='lat' dir='ltr'>comitum</span> <span class='ocrx_word' id='word_1_153' title='bbox 375 2129 509 2194; x_wconf 90' lang='lat' dir='ltr'>alterum</span> <span class='ocrx_word' id='word_1_154' title='bbox 527 2129 596 2194; x_wconf 90' lang='lat' dir='ltr'>sine</span> <span class='ocrx_word' id='word_1_155' title='bbox 612 2128 746 2193; x_wconf 89' lang='lat' dir='ltr'>alterius</span> <span class='ocrx_word' id='word_1_156' title='bbox 763 2148 849 2193; x_wconf 84' lang='lat' dir='ltr'>noxa</span> <span class='ocrx_word' id='word_1_157' title='bbox 863 2134 1063 2212; x_wconf 89' lang='lat' dir='ltr'>peremptum</span> <span class='ocrx_word' id='word_1_158' title='bbox 1078 2125 1245 2192; x_wconf 83' lang='lat' dir='ltr'>crederet?</span> <span class='ocrx_word' id='word_1_159' title='bbox 1269 2145 1385 2191; x_wconf 90' lang='lat' dir='ltr'>uerum</span> 
     </span>
     <span class='ocr_line' id='line_1_19' title="bbox 207 2236 1385 2322; baseline 0.003 -23"><span class='ocrx_word' id='word_1_160' title='bbox 207 2236 263 2301; x_wconf 90' lang='lat' dir='ltr'>ille</span> <span class='ocrx_word' id='word_1_161' title='bbox 286 2244 320 2301; x_wconf 92' lang='lat' dir='ltr'>ut</span> <span class='ocrx_word' id='word_1_162' title='bbox 343 2237 423 2303; x_wconf 88' lang='lat' dir='ltr'>satis</span> <span class='ocrx_word' id='word_1_163' title='bbox 453 2236 699 2303; x_wconf 88' lang='lat' dir='ltr'>detrunoauerat</span> <span class='ocrx_word' id='word_1_164' title='bbox 727 2237 849 2319; x_wconf 87' lang='lat' dir='ltr'>cibum,</span> <span class='ocrx_word' id='word_1_165' title='bbox 879 2239 971 2304; x_wconf 90' lang='lat' dir='ltr'>sitire</span> <span class='ocrx_word' id='word_1_166' title='bbox 996 2236 1193 2322; x_wconf 85' lang='lat' dir='ltr'>inpatienter</span> <span class='ocrx_word' id='word_1_167' title='bbox 1220 2244 1385 2322; x_wconf 89' lang='lat' dir='ltr'>coeperat.</span> 
     </span>
     <span class='ocr_line' id='line_1_20' title="bbox 207 2346 1386 2434; baseline 0.003 -25"><span class='ocrx_word' id='word_1_168' title='bbox 207 2365 283 2410; x_wconf 91' lang='lat' dir='ltr'>nam</span> <span class='ocrx_word' id='word_1_169' title='bbox 307 2352 339 2411; x_wconf 90' lang='lat' dir='ltr'>et</span> <span class='ocrx_word' id='word_1_170' title='bbox 361 2349 473 2432; x_wconf 88' lang='lat' dir='ltr'>optimi</span> <span class='ocrx_word' id='word_1_171' title='bbox 496 2349 583 2414; x_wconf 88' lang='lat' dir='ltr'>casei</span> <span class='ocrx_word' id='word_1_172' title='bbox 604 2349 723 2413; x_wconf 90' lang='lat' dir='ltr'>bonam</span> <span class='ocrx_word' id='word_1_173' title='bbox 745 2357 869 2434; x_wconf 90' lang='lat' dir='ltr'>partem</span> <span class='ocrx_word' id='word_1_174' title='bbox 884 2348 981 2413; x_wconf 91' lang='lat' dir='ltr'>auide</span> <span class='ocrx_word' id='word_1_175' title='bbox 1003 2347 1219 2413; x_wconf 88' lang='lat' dir='ltr'>deuorauerat</span> <span class='ocrx_word' id='word_1_176' title='bbox 1240 2353 1272 2412; x_wconf 90' lang='lat' dir='ltr'>et</span> <span class='ocrx_word' id='word_1_177' title='bbox 1293 2346 1386 2412; x_wconf 88' lang='lat' dir='ltr'>haud</span> 
     </span>
     <span class='ocr_line' id='line_1_21' title="bbox 207 2455 1435 2545; baseline 0.001 -25"><span class='ocrx_word' id='word_1_178' title='bbox 207 2455 253 2521; x_wconf 91' lang='lat' dir='ltr'>ita</span> <span class='ocrx_word' id='word_1_179' title='bbox 274 2457 370 2541; x_wconf 87' lang='lat' dir='ltr'>longe</span> <span class='ocrx_word' id='word_1_180' title='bbox 392 2460 519 2527; x_wconf 87' lang='lat' dir='ltr'>radices</span> <span class='ocrx_word' id='word_1_181' title='bbox 541 2461 666 2545; x_wconf 88' lang='lat' dir='ltr'>platani</span> <span class='ocrx_word' id='word_1_182' title='bbox 687 2461 771 2526; x_wconf 91' lang='lat' dir='ltr'>lenis</span> <span class='ocrx_word' id='word_1_183' title='bbox 792 2458 909 2525; x_wconf 87' lang='lat' dir='ltr'>fluuius</span> <span class='ocrx_word' id='word_1_184' title='bbox 934 2460 969 2527; x_wconf 88' lang='lat' dir='ltr'>in</span> <span class='ocrx_word' id='word_1_185' title='bbox 992 2460 1131 2543; x_wconf 89' lang='lat' dir='ltr'>speciem</span> <span class='ocrx_word' id='word_1_186' title='bbox 1153 2457 1303 2543; x_wconf 88' lang='lat' dir='ltr'>placidae</span> <span class='ocrx_word' id='word_1_187' title='bbox 1325 2479 1384 2543; x_wconf 88' lang='lat' dir='ltr'>pa·</span> <span class='ocrx_word' id='word_1_188' title='bbox 1404 2472 1435 2521; x_wconf 81' lang='lat' dir='ltr'>au</span> 
     </span>
     <span class='ocr_line' id='line_1_22' title="bbox 206 2561 1460 2654; baseline 0.004 -24"><span class='ocrx_word' id='word_1_189' title='bbox 206 2564 291 2633; x_wconf 90' lang='lat' dir='ltr'>ludis</span> <span class='ocrx_word' id='word_1_190' title='bbox 314 2569 452 2651; x_wconf 86' lang='lat' dir='ltr'>ignauus</span> <span class='ocrx_word' id='word_1_191' title='bbox 474 2571 542 2635; x_wconf 86' lang='lat' dir='ltr'>ibat</span> <span class='ocrx_word' id='word_1_192' title='bbox 563 2578 697 2654; x_wconf 88' lang='lat' dir='ltr'>argento</span> <span class='ocrx_word' id='word_1_193' title='bbox 713 2571 765 2635; x_wconf 92' lang='lat' dir='ltr'>uel</span> <span class='ocrx_word' id='word_1_194' title='bbox 795 2571 878 2635; x_wconf 92' lang='lat' dir='ltr'>uitro</span> <span class='ocrx_word' id='word_1_195' title='bbox 900 2570 1051 2635; x_wconf 91' lang='lat' dir='ltr'>aemulus·</span> <span class='ocrx_word' id='word_1_196' title='bbox 1069 2569 1103 2634; x_wconf 92' lang='lat' dir='ltr'>in</span> <span class='ocrx_word' id='word_1_197' title='bbox 1125 2570 1273 2634; x_wconf 90' lang='lat' dir='ltr'>colorem.</span> <span class='ocrx_word' id='word_1_198' title='bbox 1307 2561 1379 2633; x_wconf 87' lang='lat' dir='ltr'>‘en&#39;</span> <span class='ocrx_word' id='word_1_199' title='bbox 1403 2574 1460 2635; x_wconf 80' lang='lat' dir='ltr'>[tul</span> 
     </span>
     <span class='ocr_line' id='line_1_23' title="bbox 206 2672 1384 2764; baseline 0.003 -22"><span class='ocrx_word' id='word_1_200' title='bbox 206 2677 338 2763; x_wconf 91' lang='lat' dir='ltr'>inquam</span> <span class='ocrx_word' id='word_1_201' title='bbox 359 2673 503 2764; x_wconf 83' lang='lat' dir='ltr'>‘explere</span> <span class='ocrx_word' id='word_1_202' title='bbox 525 2681 622 2745; x_wconf 90' lang='lat' dir='ltr'>latice</span> <span class='ocrx_word' id='word_1_203' title='bbox 644 2680 741 2747; x_wconf 87' lang='lat' dir='ltr'>tontis</span> <span class='ocrx_word' id='word_1_204' title='bbox 763 2672 893 2746; x_wconf 78' lang='lat' dir='ltr'>lacteo&#39;</span> <span class='ocrx_word' id='word_1_205' title='bbox 934 2680 1076 2763; x_wconf 82' lang='lat' dir='ltr'>assurgit</span> <span class='ocrx_word' id='word_1_206' title='bbox 1097 2678 1152 2744; x_wconf 92' lang='lat' dir='ltr'>ille</span> <span class='ocrx_word' id='word_1_207' title='bbox 1174 2685 1206 2744; x_wconf 92' lang='lat' dir='ltr'>et</span> <span class='ocrx_word' id='word_1_208' title='bbox 1227 2694 1384 2763; x_wconf 86' lang='lat' dir='ltr'>oppertus</span> 
     </span>
     <span class='ocr_line' id='line_1_24' title="bbox 205 2789 1385 2874; baseline -0.001 -19"><span class='ocrx_word' id='word_1_209' title='bbox 205 2790 371 2873; x_wconf 91' lang='lat' dir='ltr'>paululum</span> <span class='ocrx_word' id='word_1_210' title='bbox 393 2790 574 2873; x_wconf 88' lang='lat' dir='ltr'>planiorem</span> <span class='ocrx_word' id='word_1_211' title='bbox 597 2790 687 2874; x_wconf 88' lang='lat' dir='ltr'>ripae</span> <span class='ocrx_word' id='word_1_212' title='bbox 710 2791 889 2874; x_wconf 79' lang='lat' dir='ltr'>marginem</span> <span class='ocrx_word' id='word_1_213' title='bbox 912 2790 1112 2873; x_wconf 89' lang='lat' dir='ltr'>complicitus</span> <span class='ocrx_word' id='word_1_214' title='bbox 1140 2790 1174 2853; x_wconf 90' lang='lat' dir='ltr'>in</span> <span class='ocrx_word' id='word_1_215' title='bbox 1195 2808 1303 2871; x_wconf 88' lang='lat' dir='ltr'>genua</span> <span class='ocrx_word' id='word_1_216' title='bbox 1323 2789 1385 2855; x_wconf 89' lang='lat' dir='ltr'>ad-</span> 
     </span>
     <span class='ocr_line' id='line_1_25' title="bbox 204 2899 1382 2986; baseline 0.001 -22"><span class='ocrx_word' id='word_1_217' title='bbox 204 2907 322 2983; x_wconf 89' lang='lat' dir='ltr'>pronat</span> <span class='ocrx_word' id='word_1_218' title='bbox 350 2920 386 2967; x_wconf 89' lang='lat' dir='ltr'>se</span> <span class='ocrx_word' id='word_1_219' title='bbox 408 2899 524 2967; x_wconf 90' lang='lat' dir='ltr'>auidus</span> <span class='ocrx_word' id='word_1_220' title='bbox 553 2899 721 2969; x_wconf 77' lang='lat' dir='ltr'>adfectans</span> <span class='ocrx_word' id='word_1_221' title='bbox 743 2902 903 2986; x_wconf 91' lang='lat' dir='ltr'>poculum.</span> <span class='ocrx_word' id='word_1_222' title='bbox 939 2918 999 2964; x_wconf 92' lang='lat' dir='ltr'>nec</span> <span class='ocrx_word' id='word_1_223' title='bbox 1021 2899 1096 2964; x_wconf 92' lang='lat' dir='ltr'>dum</span> <span class='ocrx_word' id='word_1_224' title='bbox 1125 2899 1205 2965; x_wconf 89' lang='lat' dir='ltr'>satis</span> <span class='ocrx_word' id='word_1_225' title='bbox 1227 2900 1382 2967; x_wconf 86' lang='lat' dir='ltr'>extremis</span> 
     </span>
     <span class='ocr_line' id='line_1_26' title="bbox 204 3007 1433 3095; baseline 0.001 -21"><span class='ocrx_word' id='word_1_226' title='bbox 204 3011 312 3077; x_wconf 88' lang='lat' dir='ltr'>labiis·</span> <span class='ocrx_word' id='word_1_227' title='bbox 329 3032 489 3077; x_wconf 90' lang='lat' dir='ltr'>summum</span> <span class='ocrx_word' id='word_1_228' title='bbox 518 3030 624 3092; x_wconf 90' lang='lat' dir='ltr'>aquae</span> <span class='ocrx_word' id='word_1_229' title='bbox 651 3032 756 3077; x_wconf 90' lang='lat' dir='ltr'>rorem</span> <span class='ocrx_word' id='word_1_230' title='bbox 784 3012 950 3095; x_wconf 86' lang='lat' dir='ltr'>attigerat,</span> <span class='ocrx_word' id='word_1_231' title='bbox 984 3015 1016 3074; x_wconf 90' lang='lat' dir='ltr'>et</span> <span class='ocrx_word' id='word_1_232' title='bbox 1036 3010 1145 3092; x_wconf 89' lang='lat' dir='ltr'>iugulo</span> <span class='ocrx_word' id='word_1_233' title='bbox 1168 3007 1238 3074; x_wconf 91' lang='lat' dir='ltr'>eius</span> <span class='ocrx_word' id='word_1_234' title='bbox 1260 3010 1381 3077; x_wconf 88' lang='lat' dir='ltr'>uulnus</span> <span class='ocrx_word' id='word_1_235' title='bbox 1402 3027 1433 3075; x_wconf 81' lang='lat'>25</span> 
     </span>
     <span class='ocr_line' id='line_1_27' title="bbox 204 3117 1381 3207; baseline -0.001 -22"><span class='ocrx_word' id='word_1_236' title='bbox 204 3121 341 3187; x_wconf 87' lang='lat' dir='ltr'>dehiscit</span> <span class='ocrx_word' id='word_1_237' title='bbox 368 3121 402 3185; x_wconf 89' lang='lat' dir='ltr'>in</span> <span class='ocrx_word' id='word_1_238' title='bbox 430 3121 622 3205; x_wconf 85' lang='lat' dir='ltr'>profundum</span> <span class='ocrx_word' id='word_1_239' title='bbox 652 3120 798 3207; x_wconf 87' lang='lat' dir='ltr'>patorem</span> <span class='ocrx_word' id='word_1_240' title='bbox 829 3128 861 3187; x_wconf 89' lang='lat' dir='ltr'>et</span> <span class='ocrx_word' id='word_1_241' title='bbox 882 3122 940 3185; x_wconf 87' lang='lat' dir='ltr'>illa</span> <span class='ocrx_word' id='word_1_242' title='bbox 962 3120 1100 3204; x_wconf 83' lang='lat' dir='ltr'>spongia</span> <span class='ocrx_word' id='word_1_243' title='bbox 1121 3117 1162 3185; x_wconf 91' lang='lat' dir='ltr'>de</span> <span class='ocrx_word' id='word_1_244' title='bbox 1184 3138 1223 3183; x_wconf 91' lang='lat' dir='ltr'>eo</span> <span class='ocrx_word' id='word_1_245' title='bbox 1246 3126 1381 3203; x_wconf 88' lang='lat' dir='ltr'>repente</span> 
     </span>
     <span class='ocr_line' id='line_1_28' title="bbox 204 3227 1380 3315; baseline 0.001 -21"><span class='ocrx_word' id='word_1_246' title='bbox 204 3230 386 3296; x_wconf 91' lang='lat' dir='ltr'>deuoluitur</span> <span class='ocrx_word' id='word_1_247' title='bbox 407 3240 542 3315; x_wconf 90' lang='lat' dir='ltr'>eamque</span> <span class='ocrx_word' id='word_1_248' title='bbox 563 3252 684 3315; x_wconf 90' lang='lat' dir='ltr'>paruus</span> <span class='ocrx_word' id='word_1_249' title='bbox 706 3232 879 3297; x_wconf 90' lang='lat' dir='ltr'>admodum</span> <span class='ocrx_word' id='word_1_250' title='bbox 908 3230 1077 3296; x_wconf 89' lang='lat' dir='ltr'>comitatur</span> <span class='ocrx_word' id='word_1_251' title='bbox 1099 3248 1200 3293; x_wconf 91' lang='lat' dir='ltr'>cruor.</span> <span class='ocrx_word' id='word_1_252' title='bbox 1238 3227 1380 3312; x_wconf 91' lang='lat' dir='ltr'>denique</span> 
     </span>
     <span class='ocr_line' id='line_1_29' title="bbox 203 3340 1378 3427; baseline 0.005 -24"><span class='ocrx_word' id='word_1_253' title='bbox 203 3360 318 3424; x_wconf 89' lang='lat' dir='ltr'>eorpus</span> <span class='ocrx_word' id='word_1_254' title='bbox 336 3341 554 3407; x_wconf 85' lang='lat' dir='ltr'>exanimatum</span> <span class='ocrx_word' id='word_1_255' title='bbox 570 3342 603 3405; x_wconf 92' lang='lat' dir='ltr'>in</span> <span class='ocrx_word' id='word_1_256' title='bbox 618 3342 737 3407; x_wconf 87' lang='lat' dir='ltr'>flumen</span> <span class='ocrx_word' id='word_1_257' title='bbox 758 3360 863 3427; x_wconf 90' lang='lat' dir='ltr'>paene</span> <span class='ocrx_word' id='word_1_258' title='bbox 878 3347 1010 3405; x_wconf 89' lang='lat' dir='ltr'>cernuat</span> <span class='ocrx_word' id='word_1_259' title='bbox 1031 3340 1096 3405; x_wconf 89' lang='lat' dir='ltr'>nisi</span> <span class='ocrx_word' id='word_1_260' title='bbox 1114 3359 1173 3423; x_wconf 87' lang='lat' dir='ltr'>ego</span> <span class='ocrx_word' id='word_1_261' title='bbox 1188 3340 1290 3404; x_wconf 92' lang='lat' dir='ltr'>altero</span> <span class='ocrx_word' id='word_1_262' title='bbox 1305 3340 1378 3409; x_wconf 86' lang='lat' dir='ltr'>eius</span> 
     </span>
     <span class='ocr_line' id='line_1_30' title="bbox 201 3448 1378 3536; baseline 0 -21"><span class='ocrx_word' id='word_1_263' title='bbox 201 3448 285 3534; x_wconf 88' lang='lat' dir='ltr'>pede</span> <span class='ocrx_word' id='word_1_264' title='bbox 308 3457 432 3515; x_wconf 89' lang='lat' dir='ltr'>retento</span> <span class='ocrx_word' id='word_1_265' title='bbox 454 3452 510 3517; x_wconf 85' lang='lat' dir='ltr'>uix</span> <span class='ocrx_word' id='word_1_266' title='bbox 540 3459 572 3517; x_wconf 90' lang='lat' dir='ltr'>et</span> <span class='ocrx_word' id='word_1_267' title='bbox 600 3471 697 3536; x_wconf 89' lang='lat' dir='ltr'>aegre</span> <span class='ocrx_word' id='word_1_268' title='bbox 727 3451 770 3516; x_wconf 90' lang='lat' dir='ltr'>ad</span> <span class='ocrx_word' id='word_1_269' title='bbox 798 3453 902 3536; x_wconf 89' lang='lat' dir='ltr'>ripam</span> <span class='ocrx_word' id='word_1_270' title='bbox 926 3450 1125 3535; x_wconf 90' lang='lat' dir='ltr'>superiorem</span> <span class='ocrx_word' id='word_1_271' title='bbox 1147 3448 1289 3533; x_wconf 83' lang='lat' dir='ltr'>adtraxi,</span> <span class='ocrx_word' id='word_1_272' title='bbox 1319 3450 1378 3515; x_wconf 90' lang='lat' dir='ltr'>nbi</span> 
     </span>
     <span class='ocr_line' id='line_1_31' title="bbox 202 3558 1432 3646; baseline -0.005 -22"><span class='ocrx_word' id='word_1_273' title='bbox 202 3558 351 3624; x_wconf 88' lang='lat' dir='ltr'>defletum</span> <span class='ocrx_word' id='word_1_274' title='bbox 374 3581 433 3645; x_wconf 86' lang='lat' dir='ltr'>pro</span> <span class='ocrx_word' id='word_1_275' title='bbox 456 3568 600 3646; x_wconf 89' lang='lat' dir='ltr'>ternpore</span> <span class='ocrx_word' id='word_1_276' title='bbox 622 3564 770 3629; x_wconf 87' lang='lat' dir='ltr'>comitem</span> <span class='ocrx_word' id='word_1_277' title='bbox 793 3563 952 3627; x_wconf 88' lang='lat' dir='ltr'>misellum</span> <span class='ocrx_word' id='word_1_278' title='bbox 974 3579 1114 3625; x_wconf 89' lang='lat' dir='ltr'>arenosa</span> <span class='ocrx_word' id='word_1_279' title='bbox 1134 3558 1231 3623; x_wconf 91' lang='lat' dir='ltr'>humo</span> <span class='ocrx_word' id='word_1_280' title='bbox 1254 3560 1288 3623; x_wconf 93' lang='lat' dir='ltr'>in</span> <span class='ocrx_word' id='word_1_281' title='bbox 1310 3579 1377 3625; x_wconf 91' lang='lat' dir='ltr'>am·</span> <span class='ocrx_word' id='word_1_282' title='bbox 1398 3570 1432 3619; x_wconf 82' lang='lat'>30</span> 
     </span>
     <span class='ocr_line' id='line_1_32' title="bbox 200 3669 1377 3757; baseline 0.003 -24"><span class='ocrx_word' id='word_1_283' title='bbox 200 3670 252 3735; x_wconf 89' lang='lat' dir='ltr'>uis</span> <span class='ocrx_word' id='word_1_284' title='bbox 267 3669 386 3735; x_wconf 89' lang='lat' dir='ltr'>uicinia</span> <span class='ocrx_word' id='word_1_285' title='bbox 409 3673 606 3756; x_wconf 90' lang='lat' dir='ltr'>sempiterna</span> <span class='ocrx_word' id='word_1_286' title='bbox 621 3674 758 3739; x_wconf 85' lang='lat' dir='ltr'>contexi.</span> <span class='ocrx_word' id='word_1_287' title='bbox 795 3674 868 3757; x_wconf 89' lang='lat' dir='ltr'>ipse</span> <span class='ocrx_word' id='word_1_288' title='bbox 888 3671 1034 3755; x_wconf 89' lang='lat' dir='ltr'>trepidus</span> <span class='ocrx_word' id='word_1_289' title='bbox 1050 3677 1082 3735; x_wconf 92' lang='lat' dir='ltr'>et</span> <span class='ocrx_word' id='word_1_290' title='bbox 1096 3669 1213 3734; x_wconf 85' lang='lat' dir='ltr'>eximie</span> <span class='ocrx_word' id='word_1_291' title='bbox 1229 3675 1377 3737; x_wconf 90' lang='lat' dir='ltr'>metuens</span> 
     </span>
    </p>
   </div>
   <div class='ocr_carea' id='block_1_3' title="bbox 201 3791 508 3807">
    <p class='ocr_par' dir='ltr' id='par_1_5' title="bbox 201 3791 508 3807">
     <span class='ocr_line' id='line_1_33' title="bbox 201 3791 508 3807; baseline 0.007 -10"><span class='ocrx_word' id='word_1_292' title='bbox 201 3791 508 3807; x_wconf 68' lang='lat'>-..—-.-.,..—</span> 
     </span>
    </p>
   </div>
   <div class='ocr_carea' id='block_1_4' title="bbox 195 3834 1378 4011">
    <p class='ocr_par' dir='ltr' id='par_1_6' title="bbox 195 3834 1378 4011">
     <span class='ocr_line' id='line_1_34' title="bbox 269 3834 1378 3895; baseline 0 -6"><span class='ocrx_word' id='word_1_293' title='bbox 269 3838 382 3890; x_wconf 85' lang='lat' dir='ltr'>3urchrl</span> <span class='ocrx_word' id='word_1_294' title='bbox 400 3834 437 3892; x_wconf 81' lang='lat' dir='ltr'>nd</span> <span class='ocrx_word' id='word_1_295' title='bbox 454 3838 477 3891; x_wconf 77' lang='lat' dir='ltr'>a</span> <span class='ocrx_word' id='word_1_296' title='bbox 495 3840 520 3889; x_wconf 88' lang='lat' dir='ltr'><em>F</em></span> <span class='ocrx_word' id='word_1_297' title='bbox 620 3839 763 3895; x_wconf 74' lang='lat' dir='ltr'>thumero</span> <span class='ocrx_word' id='word_1_298' title='bbox 780 3840 806 3891; x_wconf 86' lang='lat' dir='ltr'><em>F</em></span> <span class='ocrx_word' id='word_1_299' title='bbox 903 3843 933 3892; x_wconf 89' lang='lat' dir='ltr'>to</span> <span class='ocrx_word' id='word_1_300' title='bbox 951 3837 1078 3891; x_wconf 89' lang='lat' dir='ltr'>intentior</span> <span class='ocrx_word' id='word_1_301' title='bbox 1108 3836 1193 3888; x_wconf 90' lang='lat' dir='ltr'>macie</span> <span class='ocrx_word' id='word_1_302' title='bbox 1218 3834 1378 3890; x_wconf 58' lang='grc'><strong>0111111111*-</strong></span> 
     </span>
     <span class='ocr_line' id='line_1_35' title="bbox 195 3922 1376 4011; baseline -0.001 -29"><span class='ocrx_word' id='word_1_303' title='bbox 195 3930 276 3999; x_wconf 77' lang='lat' dir='ltr'>ptus:</span> <span class='ocrx_word' id='word_1_304' title='bbox 292 3922 504 3987; x_wconf 71' lang='lat' dir='ltr'>rntentrordacre</span> <span class='ocrx_word' id='word_1_305' title='bbox 521 3934 546 3984; x_wconf 90' lang='lat' dir='ltr'><em>F</em></span> <span class='ocrx_word' id='word_1_306' title='bbox 595 3937 644 4011; x_wconf 88' lang='grc'>13</span> <span class='ocrx_word' id='word_1_307' title='bbox 664 3928 783 4001; x_wconf 77' lang='lat' dir='ltr'>tirplerat</span> <span class='ocrx_word' id='word_1_308' title='bbox 799 3935 825 3985; x_wconf 84' lang='lat' dir='ltr'><em>F</em></span> <span class='ocrx_word' id='word_1_309' title='bbox 896 3937 926 3985; x_wconf 85' lang='grc'>14</span> <span class='ocrx_word' id='word_1_310' title='bbox 943 3931 1029 3999; x_wconf 80' lang='lat' dir='ltr'>faerb3</span> <span class='ocrx_word' id='word_1_311' title='bbox 1047 3931 1073 3981; x_wconf 84' lang='lat' dir='ltr'><em>F</em></span> <span class='ocrx_word' id='word_1_312' title='bbox 1144 3933 1174 3981; x_wconf 83' lang='lat'>15</span> <span class='ocrx_word' id='word_1_313' title='bbox 1194 3924 1266 3981; x_wconf 85' lang='lat' dir='ltr'>lurlh</span> <span class='ocrx_word' id='word_1_314' title='bbox 1283 3929 1323 3983; x_wconf 78' lang='lat' dir='ltr'>sie</span> <span class='ocrx_word' id='word_1_315' title='bbox 1341 3931 1376 3995; x_wconf 81' lang='lat' dir='ltr'>F,</span> 
     </span>
    </p>
   </div>
   <div class='ocr_carea' id='block_1_5' title="bbox 199 4008 1381 4124">
    <p class='ocr_par' dir='ltr' id='par_1_7' title="bbox 199 4008 1381 4124">
     <span class='ocr_line' id='line_1_36' title="bbox 199 4008 1381 4124; baseline 0.002 -24"><span class='ocrx_word' id='word_1_316' title='bbox 199 4048 302 4101; x_wconf 83' lang='lat' dir='ltr'>rursum</span> <span class='ocrx_word' id='word_1_317' title='bbox 319 4049 403 4121; x_wconf 76' lang='lat' dir='ltr'>culpo</span> <span class='ocrx_word' id='word_1_318' title='bbox 461 4049 591 4104; x_wconf 88' lang='lat' dir='ltr'>crebritas</span> <span class='ocrx_word' id='word_1_319' title='bbox 611 4030 834 4124; x_wconf 72' lang='lat' dir='ltr'>Oudendorpt&#39;as:</span> <span class='ocrx_word' id='word_1_320' title='bbox 852 4051 971 4104; x_wconf 88' lang='lat' dir='ltr'>breurtal</span> <span class='ocrx_word' id='word_1_321' title='bbox 986 4050 1012 4100; x_wconf 91' lang='lat' dir='ltr'><em>F</em></span> <span class='ocrx_word' id='word_1_322' title='bbox 1113 4051 1142 4101; x_wconf 88' lang='grc'><strong>16</strong></span> <span class='ocrx_word' id='word_1_323' title='bbox 1161 4008 1300 4100; x_wconf 50' lang='lat' dir='ltr'>criminun</span> <span class='ocrx_word' id='word_1_324' title='bbox 1325 4048 1329 4116; x_wconf 90' lang='grc'>1</span> <span class='ocrx_word' id='word_1_325' title='bbox 1350 4048 1381 4102; x_wconf 84' lang='lat' dir='ltr'><em>F</em></span> 
     </span>
    </p>
   </div>
   <div class='ocr_carea' id='block_1_6' title="bbox 197 4128 1378 4429">
    <p class='ocr_par' dir='ltr' id='par_1_8' title="bbox 197 4128 1378 4429">
     <span class='ocr_line' id='line_1_37' title="bbox 201 4128 1375 4238; baseline -0.001 -19"><span class='ocrx_word' id='word_1_326' title='bbox 201 4171 231 4219; x_wconf 85' lang='lat' dir='ltr'>t&#39;t</span> <span class='ocrx_word' id='word_1_327' title='bbox 252 4128 337 4221; x_wconf 54' lang='lat' dir='ltr'>speereld</span> <span class='ocrx_word' id='word_1_328' title='bbox 359 4168 385 4219; x_wconf 86' lang='lat' dir='ltr'><em>F</em></span> <span class='ocrx_word' id='word_1_329' title='bbox 484 4172 514 4223; x_wconf 85' lang='lat'>18</span> <span class='ocrx_word' id='word_1_330' title='bbox 539 4176 647 4238; x_wconf 88' lang='lat' dir='ltr'>ceperat</span> <span class='ocrx_word' id='word_1_331' title='bbox 664 4171 689 4221; x_wconf 92' lang='lat' dir='ltr'><em>F</em></span> <span class='ocrx_word' id='word_1_332' title='bbox 755 4175 757 4180; x_wconf 82' lang='lat'>&#39;</span> <span class='ocrx_word' id='word_1_333' title='bbox 784 4174 816 4224; x_wconf 83' lang='lat'>20</span> <span class='ocrx_word' id='word_1_334' title='bbox 835 4170 915 4223; x_wconf 78' lang='lat' dir='ltr'>tertie</span> <span class='ocrx_word' id='word_1_335' title='bbox 941 4186 960 4222; x_wconf 92' lang='lat' dir='ltr'>u</span> <span class='ocrx_word' id='word_1_336' title='bbox 983 4170 1012 4222; x_wconf 81' lang='lat' dir='ltr'>in</span> <span class='ocrx_word' id='word_1_337' title='bbox 1033 4165 1134 4221; x_wconf 87' lang='grc'><strong>1111111111</strong></span> <span class='ocrx_word' id='word_1_338' title='bbox 1159 4166 1188 4219; x_wconf 82' lang='lat' dir='ltr'>in</span> <span class='ocrx_word' id='word_1_339' title='bbox 1210 4182 1265 4219; x_wconf 84' lang='lat' dir='ltr'>ras.</span> <span class='ocrx_word' id='word_1_340' title='bbox 1294 4165 1324 4219; x_wconf 80' lang='lat' dir='ltr'>in</span> <span class='ocrx_word' id='word_1_341' title='bbox 1342 4169 1375 4233; x_wconf 91' lang='lat' dir='ltr'>F,</span> 
     </span>
     <span class='ocr_line' id='line_1_38' title="bbox 197 4259 1378 4330; baseline 0.001 -17"><span class='ocrx_word' id='word_1_342' title='bbox 197 4259 332 4329; x_wconf 72' lang='lat' dir='ltr'>fluurulp</span> <span class='ocrx_word' id='word_1_343' title='bbox 433 4265 465 4314; x_wconf 81' lang='lat'>22</span> <span class='ocrx_word' id='word_1_344' title='bbox 484 4262 528 4315; x_wconf 89' lang='lat' dir='ltr'>rlle</span> <span class='ocrx_word' id='word_1_345' title='bbox 545 4262 658 4317; x_wconf 82' lang='lat' dir='ltr'>deletum</span> <span class='ocrx_word' id='word_1_346' title='bbox 683 4265 712 4317; x_wconf 82' lang='lat' dir='ltr'>ht</span> <span class='ocrx_word' id='word_1_347' title='bbox 729 4266 763 4330; x_wconf 85' lang='lat' dir='ltr'>F,</span> <span class='ocrx_word' id='word_1_348' title='bbox 790 4280 846 4317; x_wconf 82' lang='lat' dir='ltr'>non</span> <span class='ocrx_word' id='word_1_349' title='bbox 869 4264 984 4318; x_wconf 82' lang='lat' dir='ltr'>deletam</span> <span class='ocrx_word' id='word_1_350' title='bbox 1009 4262 1075 4330; x_wconf 74' lang='lat' dir='ltr'>inp</span> <span class='ocrx_word' id='word_1_351' title='bbox 1180 4262 1212 4313; x_wconf 80' lang='lat'>26</span> <span class='ocrx_word' id='word_1_352' title='bbox 1231 4259 1326 4313; x_wconf 87' lang='lat' dir='ltr'>dertcrt</span> <span class='ocrx_word' id='word_1_353' title='bbox 1351 4263 1378 4313; x_wconf 90' lang='lat' dir='ltr'><em>F</em></span> 
     </span>
     <span class='ocr_line' id='line_1_39' title="bbox 198 4355 1064 4429; baseline 0.001 -23"><span class='ocrx_word' id='word_1_354' title='bbox 198 4356 230 4406; x_wconf 85' lang='lat'>30</span> <span class='ocrx_word' id='word_1_355' title='bbox 248 4355 358 4407; x_wconf 87' lang='lat' dir='ltr'>arenole</span> <span class='ocrx_word' id='word_1_356' title='bbox 376 4356 400 4405; x_wconf 93' lang='lat' dir='ltr'><em>F</em></span> <span class='ocrx_word' id='word_1_357' title='bbox 485 4360 514 4409; x_wconf 88' lang='grc'>31</span> <span class='ocrx_word' id='word_1_358' title='bbox 537 4360 644 4409; x_wconf 80' lang='lat' dir='ltr'>contexi</span> <span class='ocrx_word' id='word_1_359' title='bbox 662 4387 671 4409; x_wconf 78' lang='grc'><strong>-</strong></span> <span class='ocrx_word' id='word_1_360' title='bbox 691 4356 695 4426; x_wconf 82' lang='lat' dir='ltr'>l</span> <span class='ocrx_word' id='word_1_361' title='bbox 715 4359 758 4427; x_wconf 73' lang='lat' dir='ltr'>Fp</span> <span class='ocrx_word' id='word_1_362' title='bbox 776 4362 876 4429; x_wconf 77' lang='lat' dir='ltr'>(potest</span> <span class='ocrx_word' id='word_1_363' title='bbox 892 4358 981 4427; x_wconf 78' lang='lat' dir='ltr'>ficisse</span> <span class='ocrx_word' id='word_1_364' title='bbox 998 4355 1064 4418; x_wconf 66' lang='lat' dir='ltr'>muli</span> 
     </span>
    </p>
   </div>
   <div class='ocr_carea' id='block_1_7' title="bbox 0 0 1472 4900">
    <p class='ocr_par' dir='ltr' id='par_1_9' title="bbox 0 0 1472 4900">
     <span class='ocr_line' id='line_1_40' title="bbox 0 0 1472 4900; baseline 0 4"><span class='ocrx_word' id='word_1_365' title='bbox 0 0 1472 4900; x_wconf 95' lang='lat' dir='ltr'> </span> 
     </span>
    </p>
   </div>
  </div>
 </body>
</html>
