2934 4900
514 240 588 288 cnr.
611 239 779 286 xur—xrr
1187 225 1227 288 27

67 394 169 476 plane,
192 392 271 458 Luci
294 391 439 474 domine,
469 392 530 459 soli
552 391 694 458 omnium
716 391 901 458 Chaldaeus
923 392 978 458 ille
1000 411 1078 458 uera
1100 391 1227 474 dixerit,

21 549 22 558 η
66 504 165 588 sisque
185 503 264 570 felix
285 511 317 568 et
338 503 399 569 iter
420 501 587 568 dexterum
608 495 782 588 porrigas'

141 614 227 698 Haec
258 614 378 680 Milone
410 612 532 678 diutine
565 614 802 680 sermocinante
833 613 949 680 tacitus
976 613 1230 698 ingemiscebam
1252 613 1313 679 XV

67 725 198 810 mihique
219 745 284 791 non
308 723 511 791 mediocriter
533 709 762 791 suscensebam
779 723 865 807 quod
887 725 969 790 ultro
991 723 1122 790 inducta
1144 723 1228 791 serie
1284 806 1288 814 „

40 835 317 920 5in0p0rtunarum
354 834 546 900 fabularum
578 840 701 919 partem
738 834 857 899 bonam
894 853 1052 918 uesperae
1091 834 1226 918 eiusque

66 946 272 1028 gratissimum
302 947 436 1011 fructum
464 945 653 1011 amitterem.
690 950 723 1010 et
748 944 879 1009 tandem
908 943 1048 1027 denique
1070 944 1226 1010 deuorato

66 1056 176 1138 pudore
205 1056 247 1122 ad
275 1057 427 1122 Milonem
457 1055 509 1120 aio
536 1048 631 1120 ‘ierat
664 1075 755 1120 suam
778 1054 967 1139 Diophanes
990 1054 1045 1119 illc
1066 1055 1225 1121 fortunam

66 1173 92 1230 et
117 1168 218 1252 spolia
246 1168 437 1253 populorum
465 1154 590 1233 rursum
619 1165 764 1231 conterat
791 1165 872 1229 mari
900 1165 1023 1249 pariter
1051 1172 1224 1247 aeternae,

66 1276 136 1341 mihi
155 1297 231 1342 uero
257 1260 457 1360 fatigationis
479 1276 651 1342 hesternae
667 1275 765 1341 etiam
787 1295 872 1340 nunc
894 1276 1004 1342 saucio
1027 1274 1070 1340 da
1095 1275 1225 1340 ueniam

24 1371 50 1456 'rc
65 1387 207 1454 maturius
223 1387 397 1454 concedam
420 1378 574 1452 cubitum'
600 1392 632 1452 et
653 1406 725 1451 cum
741 1385 826 1451 dieto
849 1386 973 1452 lacesso
996 1392 1028 1451 et
1045 1385 1224 1450 cubiculum

65 1516 158 1562 meum
180 1497 338 1563 contendo
360 1504 457 1581 atque
479 1496 545 1562 illic
567 1495 775 1580 deprehendo
805 1497 972 1580 epularum
995 1495 1223 1580 dispositiones

65 1609 135 1674 satis
156 1608 339 1674 concinnas.
377 1628 453 1673 nam
476 1613 507 1671 et
529 1607 639 1692 pueris
668 1614 759 1672 extra
780 1606 887 1690 limen,
911 1605 1007 1671 credo
1035 1615 1070 1670 ut
1091 1605 1223 1670 arbitrio

64 1719 196 1784 nocturni
223 1719 376 1802 gannitus
406 1718 649 1800 ablegarentur,
683 1717 773 1782 humi
795 1737 891 1800 quam
914 1717 1025 1801 procul
1053 1715 1223 1782 distratum

66 1827 158 1894 lucrat
179 1836 210 1895 et
231 1828 436 1912 grabatulum
451 1848 557 1894 meum
580 1827 705 1894 adstitit
727 1827 875 1892 mensula
890 1846 990 1892 cenae
1005 1827 1103 1892 totius
1125 1827 1222 1891 hone-

27 1943 122 2004 ustas
143 1938 295 2024 reliquias
324 1940 465 2004 tolerans
488 1945 521 2004 et
542 1938 660 2005 calices
687 1937 765 2002 boni
787 1938 852 2002 iam
874 1937 981 2002 infuso
1010 1937 1106 2002 latice
1129 1937 1222 2003 semi·

64 2049 141 2131 pleni
172 2051 275 2116 solam
307 2049 492 2134 temperiem
525 2048 720 2115 sustinentes
750 2043 782 2113 et
809 2049 949 2132 laguena
981 2047 1072 2112 iuxta
1100 2046 1221 2114 orificio

62 2159 169 2226 caesim
184 2160 371 2226 dehiscente
392 2166 562 2242 patescens
578 2159 682 2226 facilis
702 2158 840 2241 baurim,
862 2178 996 2243 prorsus
1010 2156 1221 2241 gladiatoriae

64 2268 187 2337 Veneris
210 2270 389 2336 antecenia.
841 2250 847 2272 ⁴

136 2379 343 2446 Commodum
373 2379 543 2444 cubueram
566 2384 597 2444 et
620 2397 692 2445 ecce
714 2379 804 2479 Fotis
838 2398 910 2444 mea
932 2379 996 2445 iarn
1010 2379 1149 2460 ‘domina
1170 2401 1221 2446 cu·
1243 2361 1322 2448 'XVI

24 2509 47 2555 ro
62 2489 149 2556 bitum
177 2490 304 2558 reddita
332 2492 435 2569 [iacta]
464 2490 626 2576 proximat
653 2510 749 2557 rosae
777 2497 867 2557 serta
895 2498 927 2557 ct
955 2511 1031 2559 rosa
1059 2493 1166 2558 soluta
1186 2495 1222 2559 in

62 2600 124 2666 sinu
144 2603 322 2668 tuberante.
359 2621 397 2666 ae
419 2621 470 2667 me
492 2600 631 2687 pressim
654 2599 845 2667 ¹deosculato
874 2606 905 2666 et
926 2601 1055 2670 corollis
1077 2604 1220 2670 reuinctc

61 2730 92 2774 ac
110 2712 184 2780 flore
205 2732 378 2797 persperso
400 2711 520 2796 adripit
541 2712 690 2796 poculum
716 2731 755 2777 ac
776 2710 916 2797 desuper
937 2732 1024 2796 aqua
1044 2712 1152 2778 calida
1173 2714 1220 2779 in-

61 2819 132 2887 iecta
152 2823 285 2908 porrigit
306 2822 425 2905 bibam,
449 2821 546 2905 idque
567 2820 693 2886 modico
715 2822 806 2904 prius
829 2842 925 2906 quam
947 2828 1048 2887 totum
1071 2823 1220 2889 exsorbe-

19 2998 20 3003 ,
61 2950 117 2995 rem
138 2934 311 2998 clementer
333 2932 458 2999 inuadit
480 2952 518 2997 ac
542 2930 686 2997 relictum
715 2931 897 3014 pullulatim
919 2931 1047 2998 labellis
1069 2932 1218 2999 minuens

22 3048 46 3099 lc
61 3061 161 3127 meque
175 3044 353 3127 respiciens
376 3042 522 3108 sorbillat
535 3040 679 3124 dulciter,
703 3043 889 3125 sequens'et
910 3042 1037 3107 tertium
1053 3042 1136 3107 inter
1157 3062 1218 3107 nos

63 3151 190 3219 uicissim
214 3159 246 3218 et
267 3154 417 3235 frequens
440 3155 578 3217 alternat
600 3153 759 3235 poculum.
797 3170 869 3216 cum
892 3171 953 3234 ego
975 3152 1040 3217 iam
1055 3152 1130 3218 uino
1153 3173 1218 3216 ma·

60 3259 129 3328 dens
142 3283 201 3329 nec
224 3264 332 3329 animo
354 3270 476 3328 tantum
493 3282 603 3328 uerum
626 3262 723 3327 etiam
746 3281 877 3347 corpore
893 3262 964 3346 ipso
986 3261 1029 3327 ad
1051 3262 1218 3328 libidinem

121 3525 277 3579 tebaldeul
292 3526 317 3575 ll
411 3522 545 3578 3drutme
562 3524 602 3578 sic
619 3522 647 3577 F
741 3518 924 3591 ingemescant
941 3523 985 3593 Fp
1071 3526 1217 3595 buclpcra

59 3612 96 3683 Fp
178 3622 207 3672 13
234 3618 361 3671 distracr
382 3602 420 3681 ἶ(
427 3617 567 3687 posterior
593 3618 684 3671 littera
717 3616 774 3670 aid.
800 3632 819 3669 u
843 3616 948 3687 faissc;
983 3617 1120 3688 uirpalam
1153 3619 1216 3673 add.

59 3723 143 3762 marum
158 3711 287 3765 secundat
305 3710 337 3775 F,
355 3710 493 3779 drltracpu
512 3720 535 3771 lc
554 3716 626 3765 certe
643 3726 697 3764 aon
716 3716 857 3781 comparet
872 3709 948 3774 r'nFl
968 3729 988 3779 φ
1059 3715 1090 3764 ll
1107 3718 1217 3779 grauat-

58 3797 109 3853 tuld
132 3820 198 3857 corr.
225 3804 254 3857 cir
281 3800 437 3872 grabattuld
463 3803 491 3857 F
564 3802 646 3873 mnne
674 3802 702 3856 F
797 3807 825 3856 16
843 3802 1020 3911 lauguenadp
1109 3809 1138 3858 ll
1158 3798 1218 3874 cel⁸

58 3920 90 3973 ric
114 3906 222 3985 Rusti
245 3942 264 3991 p
350 3922 492 3976 dealeento
516 3939 543 3980 m
562 3924 668 3993 partim
691 3929 781 3988 masc)
811 3920 844 3986 F,
868 3920 1048 3992 deasceatoqr
1125 3931 1216 3977 aurrtu

59 4011 95 4081 Fp
113 4018 215 4074 (manus
238 4031 332 4071 recens
355 4015 418 4071 add.
442 4015 461 4067 h
484 4016 513 4069 c'a
531 4020 560 4085 φ)
646 4020 679 4070 20
696 4021 769 4069 recta
786 4015 856 4084 Fp;
877 4015 995 4085 plescum
1018 4015 1122 4080 debui,
1145 4017 1215 4071 lecto

59 4108 160 4162 coniecit
175 4108 398 4173 Hildebrcadc'us,
415 4109 500 4162 tacita
517 4106 720 4173 Sobr'lcrradr'us,
738 4109 814 4163 iuxta
832 4108 1049 4181 Oudendorpr'as,
1072 4110 1145 4163 iactu
1168 4127 1215 4163 ne·

60 4200 173 4271 scr'oqais
242 4208 274 4255 ‘23
292 4203 396 4257 modrco
418 4202 569 4256 Bromius.-
586 4197 692 4255 modrch
709 4202 738 4255 F
802 4206 834 4256 24
852 4190 985 4272 pullulati
1000 4203 1039 4257 sic
1050 4203 1109 4272 Fp:
1126 4202 1214 4272 pollu-

58 4289 121 4347 latim
139 4294 256 4361 Colorem
273 4296 433 4366 paululatim
450 4296 534 4367 ualqo
600 4294 716 4349 mmurnl‘
730 4295 763 4349 F‘
850 4299 882 4348 '25
902 4296 1008 4350 lorurlla
1026 4312 1095 4350 corr.
1114 4296 1142 4349 ia
1161 4296 1214 4349 ior·

60 4384 116 4440 brlla
132 4388 162 4453 F,
181 4389 288 4443 lorbrlla
306 4395 329 4457 (r
346 4406 416 4445 corr.
435 4393 465 4442 at
483 4388 537 4442 uid.
556 4388 628 4447 eall
648 4409 667 4457 p
