2934 4900
213 220 275 281 202
619 299 620 302 Ἴ
727 233 819 281 arnnr
840 235 863 281 x
898 244 908 265 ι

207 385 361 471 ‘apicibus
384 385 530 471 insignes
553 386 776 469 contegebant,
800 386 858 453 sed
880 387 986 456 ctisti
1008 386 1157 454 Castores
1180 393 1273 453 erant
1297 406 1395 453 scae-

212 496 277 561 nici
300 495 401 580 pueri.
436 496 518 562 haec
538 497 648 581 puella
668 496 778 563 uarios
800 496 947 563 modulos
969 498 1071 563 Iastia
1091 498 1280 563 concinente
1304 498 1395 561 tibia

212 605 391 689 procedens
414 606 523 690 quieta
544 614 577 672 et
598 607 796 687 inadfectata
817 608 1062 693 gesticulatione
1083 608 1214 675 nutibus
1236 608 1394 674 honestis

102 764 107 773 -
212 718 333 803 pastori
356 718 526 800 pollicetur
547 717 576 783 si
597 717 662 783 sibi
683 718 861 802 praemium
883 716 1007 784 decoris
1029 716 1225 801 addixisset,
1255 718 1287 783 ei
1312 738 1393 785 sese

212 847 346 911 regnum
368 827 464 893 totius
485 827 584 894 Asiae
605 819 806 892 tributuram.
830 834 863 892 at
884 828 974 892 illam
990 848 1086 911 quam
1102 829 1206 895 cultus
1221 848 1426 894 armorums

212 938 391 1003 Mineruam
413 938 541 1020 fecerat,
572 938 636 1002 duo
658 936 750 1020 pueri
768 938 966 1020 muniebant,
989 938 1159 1023 proeliaris
1183 938 1264 1003 deae
1289 938 1393 1003 comi-

214 1056 264 1113 tes
285 1049 437 1131 armigeri
455 1050 578 1143 ‘Terror
599 1053 631 1112 et
650 1047 755 1113 Metus
777 1047 874 1115 nudis
890 1030 1082 1115 insultantes
1096 1048 1226 1132 gladiis.
1248 1055 1284 1113 at
1299 1068 1392 1133 pone

212 1153 343 1242 targum'
360 1158 480 1224 tibicen
502 1158 637 1221 Dorium
664 1158 803 1227 canebat
824 1158 1013 1225 bellicosum
1029 1164 1060 1223 et
1075 1158 1274 1241 permiscens
1297 1158 1392 1223 bom-

196 1268 263 1335 ·bis
285 1269 441 1353 grauibus
463 1268 598 1333 tinnitus
620 1274 731 1334 acutos
754 1268 789 1332 in
812 1268 940 1333 modum
962 1269 1058 1334 tubae
1081 1268 1264 1335 saltationis
1281 1269 1391 1351 agilis

210 1379 356 1463 uigorem
378 1378 564 1446 suscitabat.
609 1377 703 1443 haec·
722 1378 866 1462 inquieto
888 1380 994 1463 capite
1016 1386 1047 1443 et
1069 1380 1170 1445 oculis
1193 1380 1227 1442 in
1249 1386 1391 1463 aspectu
1411 1393 1440 1441 ro

211 1489 391 1555 minacibus
414 1489 510 1553 citato
525 1495 557 1553 et
578 1489 696 1553 intorto
710 1507 829 1571 genere
844 1472 1100 1572 gesticulationis
1123 1489 1231 1554 alacer
1253 1488 1389 1553 demon-

212 1599 336 1665 strabat
356 1598 468 1664 Paridi
490 1599 519 1665 si
542 1599 604 1665 sibi
626 1600 748 1663 formae
771 1598 938 1663 uictoriam
960 1599 1159 1682 tradidisset,
1182 1591 1297 1665 fortem
1323 1606 1388 1663 tro-

213 1710 368 1795 paeisque
391 1710 548 1774 bellorum
569 1709 714 1774 inclitum
738 1709 806 1776 suis
829 1707 1032 1775 adminiculis
1055 1710 1203 1775 futurum.

59 1812 191 1879 XXXII
297 1820 406 1885 Venus
429 1839 502 1885 ecce
524 1838 595 1884 curn
623 1840 743 1903 magno
765 1820 876 1885 lauore
906 1839 1026 1885 caueae
1048 1821 1082 1885 in
1104 1820 1176 1904 ipso
1200 1818 1386 1883 meditullio

213 1949 365 2013 scaenae,
396 1930 585 1996 circumfuso
616 1932 735 2015 populo
765 1930 1014 1995 laetissimorum
1049 1930 1257 2014 paruulorum
1288 1930 1387 1993 dulce
1408 1935 1435 1982 ¹5

212 2040 383 2107 subridens
405 2039 556 2105 constitit.
600 2040 725 2104 Dionae
748 2041 822 2107 illos
849 2046 967 2105 teretes
990 2047 1022 2105 et
1043 2041 1164 2106 lacteos
1186 2034 1312 2125 puellos
1338 2040 1386 2103 di-

211 2170 302 2217 ceres
324 2157 359 2214 tu
380 2148 557 2233 Cupidines
579 2170 674 2216 ueros
696 2149 736 2215 de
759 2151 847 2215 eaelo
870 2150 922 2215 uel
935 2150 1031 2243 ⁸rnari
1060 2149 1261 2214 commodum
1290 2149 1385 2213 inuo-

210 2261 306 2327 lasse.
349 2282 426 2328 narn
449 2267 481 2324 et
501 2260 645 2344 pinnulis
679 2267 711 2324 et
743 2260 904 2343 sagittulis
936 2267 967 2324 et
995 2260 1108 2324 habitu
1130 2266 1237 2324 cetero
1260 2260 1384 2323 formae

112 2362 122 2378 '
211 2371 378 2455 praeclare
400 2371 620 2455 congruebant
647 2376 679 2434 et
708 2370 797 2435 uelut
823 2371 986 2455 nuptiales
1016 2372 1129 2455 epulas
1159 2370 1304 2445 obiturae
1328 2368 1384 2433 do·

211 2482 320 2547 minae
342 2481 482 2548 coruscis
510 2481 741 2565 praelucebant
768 2480 903 2546 facibus.
948 2488 980 2546 et
1007 2480 1144 2546 influunt
1173 2481 1383 2564 innuptarum
1403 2498 1434 2546 uo

212 2592 393 2675 puellarum
408 2591 545 2657 decorae
558 2592 690 2658 suboles
706 2591 781 2656 hinc
797 2589 929 2656 Gratiae
943 2591 1157 2673 gratissimae,
1181 2591 1257 2656 inde
1271 2591 1383 2656 Horae

187 2700 463 2785 pulcherrimae,
497 2721 580 2785 quae
609 2701 724 2767 iaculis
754 2700 843 2767 floris
872 2701 949 2768 serti
979 2707 1010 2766 et
1037 2701 1133 2766 soluti
1163 2701 1257 2766 deam
1289 2720 1383 2765 suam

211 2812 429 2896 propitiantes
451 2811 658 2878 scitissimum
680 2818 926 2877 construxerant
948 2812 1096 2892 chorum,
1120 2810 1384 2876 dominaeuolu·

210 2928 335 3006 pratum
357 2921 444 2986 ueris
467 2940 559 2987 coma
580 2920 795 2987 blandientes.
825 2921 891 2986 iam
913 2922 1011 2987 tibiae
1040 2921 1286 2986 multiforabiles
1309 2939 1384 2984 can-

127 3039 131 3048 ‘
210 3037 263 3096 tus
296 3031 417 3114 Lydios
451 3030 587 3098 dulciter
623 3038 810 3097 consonant.
856 3032 972 3116 quibus
1003 3038 1217 3118 spectatorum
1246 3036 1383 3115 pectora
1402 3043 1433 3092 25

211 3141 556 3207 suaue'mulcentibus
590 3142 685 3226 longe
713 3143 844 3208 suauior
879 3142 990 3209 Venus
1026 3142 1152 3226 placide
1188 3141 1385 3206 commoneri
1401 3146 1467 3213 [255

283 3501 295 3546 1
316 3496 413 3549 loenrcr
431 3496 457 3547 F
540 3498 555 3547 2
573 3495 654 3547 Iastia
674 3493 895 3566 Oudendorpics:
918 3457 996 3549 laltrd
1021 3505 1049 3554 (u
1067 3492 1130 3548 add,
1158 3509 1228 3546 man.
1249 3494 1383 3559 secando)

209 3587 244 3650 F,
262 3587 376 3656 lastrap
464 3593 480 3640 4
498 3588 523 3641 ei
536 3585 592 3641 ‘uir
609 3581 730 3642 doctus':
749 3593 776 3642 et
793 3587 821 3640 F
895 3593 909 3641 5
930 3604 964 3642 aa
981 3589 1010 3641 ia
1031 3603 1087 3642 ras.
1106 3604 1123 3640 a
1140 3603 1192 3640 sec.
1210 3603 1293 3639 morsu
1312 3588 1384 3651 r'nF,

210 3678 283 3747 adp
370 3680 496 3749 tphanl
511 3681 539 3734 F
626 3682 815 3735 irnialtantel
831 3681 898 3751 Fp‘
968 3681 1100 3734 Stibicen
1117 3680 1229 3734 Dorium
1253 3680 1386 3735 Iuntina:

210 3769 431 3844 trbrcenon-de
516 3779 642 3833 {imnum
660 3775 697 3841 F,
714 3783 825 3843 inur39o
896 3775 1037 3828 laltrtronrl
1052 3774 1094 3842 Fp
1166 3779 1195 3827 12
1214 3775 1342 3842 tropario:
1361 3775 1390 3828 F

189 3942 191 3945 Ι
213 3869 244 3917 14
261 3867 319 3932 rpla
335 3866 380 3935 Fp
451 3874 480 3920 15
501 3869 577 3937 icens
594 3869 619 3918 F
689 3873 720 3922 16
739 3869 856 3922 contum
874 3867 979 3922 codices
994 3867 1164 3939 interpolati:
1187 3869 1297 3920 bitrtuta
1317 3871 1386 3938 (pro

210 3959 383 4066 uelibrarr'us
400 3961 521 4032 primam
544 3962 674 4031 picturas
696 3962 754 4031 fuit
777 3966 795 4028 1)
819 3962 856 4026 F,
884 3962 1009 4016 coltrtuta
1033 3982 1052 4030 φ
1138 3961 1243 4014 Dionae
1269 3962 1388 4032 scripsi:

211 4093 290 4134 mone
309 4091 332 4137 le
350 4095 438 4144 erasa,
456 4097 562 4133 mcorr.
576 4081 604 4132 tn
620 4097 638 4149 p
656 4097 673 4133 o
691 4081 810 4135 secando
827 4084 919 4146 manu)
933 4081 965 4146 F,
983 4095 1076 4134 moene
1094 4099 1112 4148 φ
1201 4083 1231 4130 19
1250 4081 1391 4146 nuptiales

213 4173 306 4241 epulas
320 4173 374 4243 sp:
392 4172 521 4241 nuptialis
536 4172 620 4240 epulis
636 4173 664 4226 F
746 4179 775 4227 11
797 4174 898 4227 lobolel
913 4173 935 4243 f
1011 4177 1043 4226 22
1061 4173 1171 4258 iaculis]
1186 4171 1300 4252 calathis
1321 4190 1388 4228 con-

212 4267 275 4320 iecit
292 4265 424 4321 Heinsius
509 4270 541 4320 23
560 4272 623 4320 onte
636 4263 771 4320 lcrtrlirmd
789 4266 991 4321 deletumlcrtei
1006 4266 1077 4345 inF‚
1095 4265 1165 4320 nibil
1181 4265 1297 4319 deletum
1319 4268 1350 4320 ia
1370 4289 1389 4336 φ

213 4361 245 4410 24
264 4359 379 4428 uersis
441 4360 512 4414 ueris
530 4359 600 4413 dono
618 4362 733 4415 coniecit
751 4359 975 4424 marcadantes,
993 4360 1104 4414 Veneris
1122 4375 1198 4436 corna
1216 4359 1302 4430 culpo
