2934 4900
235 186 275 246 56
739 197 831 244 emur
852 199 907 246 1111
985 234 988 240 .

236 353 343 416 alacer
364 370 403 416 ao
427 351 531 442 laetus
554 351 686 436 propius
708 350 857 418 accessi.'
887 350 1027 434 dumque
1056 350 1121 414 iam
1143 349 1240 415 labiis
1255 347 1402 421 undanti·

236 464 296 530 bus
319 462 455 543 adfecto,
478 459 647 526 consilium
670 481 721 526 me
744 461 831 528 subit
852 461 948 544 longe
971 460 1144 542 salubrius,
1167 479 1208 526 ne
1231 459 1259 525 si
1281 480 1401 524 rursum

237 574 329 640 asino
352 579 474 638 remoto
488 571 651 655 prodirem
665 571 699 636 in
721 572 865 654 Lucium,
888 570 1025 638 euidens
1040 570 1174 636 exitium
1188 570 1272 635 inter
1294 591 1401 634 manus

235 685 394 749 latronum
416 682 611 748 offenderem
634 683 686 746 uel
707 682 788 748 artis
817 682 962 764 magicae
984 683 1191 766 suspectione
1219 681 1272 746 uel
1301 680 1401 745 indicii

236 793 332 859 futuri
355 793 586 858 criminatione.
631 800 706 857 tuno
726 792 824 876 igitur
846 812 867 856 a
888 792 972 859 rosis
1001 799 1034 858 et
1064 791 1194 875 quidem
1222 791 1422 856 necessarior

236 902 415 986 tempereui
438 911 468 967 et
490 922 601 968 casum
624 910 827 986 praesentem
850 904 993 969 tolerans
1016 903 1049 968 in
1072 902 1157 969 asini
1180 901 1295 966 taciem
1319 901 1400 966 irem

237 1012 402 1086 rodebam.

676 1301 860 1365 LIBER
895 1301 960 1365 Illl

200 1520 215 1584 Ι
322 1521 415 1585 Diem
438 1522 537 1585 ferme
560 1519 645 1586 circa
666 1520 806 1586 medium
837 1541 908 1586 cum
937 1521 1002 1586 iarn
1030 1521 1203 1604 flagrantia
1225 1520 1305 1586 solis
1328 1520 1398 1583 eale·

239 1638 339 1714 retur,
369 1632 402 1695 in
431 1651 516 1715 pago
545 1629 683 1716 quodam
713 1631 801 1717 apud
829 1639 923 1698 notos
951 1651 990 1696 ao
1018 1631 1213 1696 familiares·
1229 1631 1397 1695 latronibus
1412 1643 1430 1690 n

237 1761 332 1807 senes
355 1741 560 1807 deuertimus.
606 1740 652 1806 sic
680 1741 766 1805 enim
794 1742 918 1825 primus
946 1741 1053 1808 aditus
1083 1749 1115 1805 et
1137 1760 1241 1806 sermo
1263 1740 1396 1824 prolixus

237 1858 268 1916 et
291 1854 401 1918 oscula
423 1858 534 1916 mutua
563 1852 710 1934 quamuis
740 1851 833 1918 asino
858 1854 979 1918 sentire
994 1850 1227 1936 'praestabant
1278 1856 1397 1916 namet

236 1961 332 2027 rebus
355 1982 411 2028 eos
434 1960 626 2044 quibusdam
655 1962 751 2028 dorso
782 1982 854 2027 meo
882 1962 1080 2048 depromptis
1104 1961 1352 2026 munerabantur
1371 1966 1397 2023 et

239 2073 374 2138 seeretis
394 2071 580 2155 gannitibus
605 2091 667 2154 quo
690 2079 800 2138 essent
822 2073 990 2137 latrocinio
1012 2080 1125 2157 partae
1147 2064 1339 2136 uidebantur
1358 2072 1395 2132 in-

238 2181 357 2248 dicare.
402 2183 530 2266 iamque
552 2201 613 2247 nos
645 2182 731 2247 omni
761 2183 890 2248 sarcina
911 2183 1072 2266 lenigatos
1094 2182 1128 2247 in
1150 2188 1278 2268 pratum
1300 2179 1395 2265 proxi·
1410 2199 1427 2245 e

218 2314 321 2358 mum
339 2293 460 2377 passim
482 2292 584 2358 libero
607 2293 714 2376 pastui
730 2292 894 2358 tradidere
908 2314 968 2359 nec
990 2313 1041 2357 me
1063 2313 1132 2357 cum
1149 2293 1242 2358 asino
1258 2293 1311 2357 uel
1325 2309 1395 2371 equo

235 2423 307 2469 meo
330 2422 530 2487 eonpaspuus
552 2409 660 2469 coetus
676 2403 812 2470 attinere
838 2405 943 2489 potuit
956 2405 1062 2471 adhuc
1076 2404 1242 2471 insolitum
1264 2400 1395 2485 alioquin

235 2512 396 2599 prandere
418 2514 557 2578 faenum.
603 2513 660 2579 sed
688 2514 786 2599 plane
808 2535 893 2600 pone
915 2516 1075 2582 stabulum
1104 2522 1309 2601 prospectum
1334 2512 1395 2576 bor·

235 2623 336 2688 tulum
366 2624 430 2689 iam
459 2623 543 2689 fame
571 2624 714 2708 perditus
750 2623 886 2690 fidenter
914 2625 1034 2690 inuado
1062 2633 1095 2691 et
1123 2624 1271 2709 quamuis
1300 2620 1394 2688 crudis

238 2735 413 2813 holeribus,
438 2734 571 2799 adfatim
595 2740 703 2800 tamen
725 2740 871 2800 uentrem
894 2737 1007 2820 sagino
1031 2736 1173 2817 deosque
1188 2738 1393 2820 comprecatus
1407 2742 1427 2791 n

236 2864 346 2912 omnes
380 2851 495 2910 cuneta
522 2846 770 2929 prospectabam
799 2847 873 2910 loca
901 2846 1004 2912 sicubi
1031 2847 1113 2912 forte
1144 2845 1347 2911 conterminis
1366 2843 1393 2905 in

235 2956 371 3023 hortulis
400 2956 543 3021 candens
572 2956 768 3040 repperirem
796 2957 964 3021 rosarium.
1015 2978 1091 3021 nam
1114 2956 1239 3041 etipsa
1269 2952 1393 3021 solitudo

233 3069 298 3134 iam
323 3065 403 3130 mibi
425 3065 543 3130 bonam
566 3065 716 3130 fiduciam
739 3065 900 3132 tribuebat
928 3068 956 3132 si
979 3066 1094 3133 deuius
1128 3073 1159 3132 et
1186 3066 1327 3132 frutectis
1347 3063 1393 3127 ab·

235 3176 399 3243 sconditus
423 3183 550 3259 sumpto
572 3175 715 3241 remedio
738 3176 779 3240 de
801 3177 934 3242 iumenti
949 3177 1159 3262 quadripedis
1181 3166 1314 3242 incuruo
1334 3193 1393 3258 gra·

235 3286 278 3351 du
300 3276 425 3351 rursum
450 3292 574 3351 erectus
596 3285 630 3351 in
660 3286 821 3351 homiuem
844 3287 1047 3371 inspectante
1076 3288 1164 3353 nullo
1193 3305 1391 3369 resurgerem.
1404 3259 1435 3368 ²⁵}

179 3388 209 3453 ll
318 3398 403 3479 Ergo
426 3395 525 3479 igitur
547 3414 618 3459 cum
648 3396 680 3460 in
704 3396 765 3462 isto
789 3396 992 3479 cogitationis
1022 3398 1091 3464 salo
1119 3396 1320 3477 fluctuarem,
1346 3392 1392 3458 ali·
1405 3379 1435 3534 lb

1433 3540 1435 3650 l

302 3660 426 3726 lpprrus
442 3658 471 3712 F
525 3657 636 3730 3pdrre
654 3656 779 3711 lincolam
795 3672 882 3727 supra
900 3671 915 3711 e
931 3656 992 3710 edd.
1011 3674 1109 3711 ananus
1125 3658 1317 3767 recentiortcin
1336 3655 1390 3706 lun-
1433 3653 1435 3764 ἰ

230 3777 268 3830 liu
286 3777 422 3842 (lineolam
447 3792 533 3847 supra
550 3793 569 3829 u
587 3775 732 3829 adaman.
750 3776 894 3841 recentior)
912 3775 944 3836 F,
961 3776 1040 3844 pdrre
1058 3775 1192 3829 mlucrhu
1209 3797 1239 3845 φ,
1258 3792 1281 3831 c.
1298 3774 1389 3845 pdirem
1433 3767 1435 3852 l

231 3869 330 3923 ilucru
358 3869 419 3923 add.
439 3871 477 3939 [tu
505 3886 638 3938 morsu
741 3869 940 3937 liutpectrone
964 3870 1005 3923 sio
1030 3868 1074 3937 Fp
1177 3868 1312 3939 tfutun]
1337 3867 1390 3920 turn
1433 3867 1435 3960 l

233 3962 339 4017 codices
370 3962 528 4033 interpolati
621 3967 636 4015 6
666 3960 744 4017 frena
770 3947 992 4032 Oudendorpr'bs:
1018 3960 1101 4015 loena
1126 3961 1158 4026 F,
1196 3963 1302 4032 lenap
1378 3961 1388 4008 l
1433 3983 1435 4044 i

229 4056 410 4126 meseriacum
431 4056 694 4115 mimarios.
712 4056 785 4126 rum
799 4073 838 4114 m.
851 4056 1050 4115 exufflmdlr.
1069 4059 1124 4114 n'rir.
1144 4074 1193 4114 uu.
1220 4058 1249 4110 tu
1273 4056 1301 4110 F
1366 4054 1388 4103 tt
1433 4073 1435 4162 p

232 4157 287 4211 eon
306 4163 375 4202 corr.
395 4150 423 4202 ta
442 4151 487 4203 eol
504 4151 532 4203 in
549 4149 580 4214 F,
600 4149 680 4217 eolp
770 4152 800 4201 14
818 4164 871 4217 quo
889 4149 1003 4219 nupsi:
1020 4148 1105 4218 qu,
1124 4149 1236 4219 quodp
1306 4153 1333 4202 17
1349 4158 1384 4213 ee·
1433 4173 1435 4212 Ι

230 4242 274 4293 tut
290 4242 318 4293 F
390 4246 420 4295 18
438 4238 504 4309 fenti
520 4244 560 4297 sic
577 4242 605 4295 F
675 4247 705 4295 tl
726 4236 790 4303 loci
813 4242 845 4306 F,
863 4242 961 4311 lecara
1031 4246 1063 4296 22
1082 4244 1177 4297 crtuhl
1193 4244 1221 4297 F
1258 4236 1387 4296 ‚candent
1433 4225 1435 4292 l

232 4332 296 4395 (uid.
312 4332 400 4401 fuisse
419 4335 437 4395 l,
456 4334 492 4409 F'
566 4339 597 4388 23
615 4334 739 4388 frutectis
756 4334 883 4389 Iuntina.-
901 4335 1009 4403 ptectul
1023 4336 1068 4404 Fp
