2934 4900
512 263 585 310 cnr.
609 263 798 310 xvrrr—xxr
925 210 929 229 x
1180 246 1238 310 129

66 428 180 474 recens
203 414 464 495 conceptaculum
487 434 591 497 aquae
612 416 789 481 lutulentae
819 415 999 500 proximum
1036 414 1238 498 conspicatus

66 518 111 581 ibi
141 527 262 586 memet
298 522 470 607 inprouida
509 526 592 590 saltu
627 533 727 592 totum
757 526 861 591 abicio
890 525 1083 608 flammaque
1106 544 1238 609 prorsus

67 629 219 695 extincta
241 633 371 698 tandem
394 641 425 698 et
446 635 588 718 pondere
617 638 744 702 leuatus
766 644 798 701 et
820 636 917 701 exitio
945 637 1100 701 liberatus
1123 633 1237 700 euado.

67 740 125 805 sed
148 741 205 806 ille
228 741 417 810 deterrimus
440 763 478 808 ao
500 745 689 812 temerarius
717 767 798 831 puer
826 746 885 811 hcc
914 767 1044 830 quoque·
1062 767 1154 812 sumn
1184 765 1238 811 ne-

37 852 259 933 equissirnum
281 855 399 918 facturn
421 855 455 919 in
484 875 534 920 me
562 857 690 922 retorsit
718 856 939 940 gregariisque
968 856 1115 922 omnibus
1140 855 1238 919 adfir-

67 962 169 1027 mauit
191 981 241 1052 me
265 971 378 1047 sponte
394 965 571 1030 uicinorum
593 967 714 1032 foculos
728 974 947 1032 transeuntem
969 966 1119 1032 titubanti
1134 965 1238 1048 gradu

15 1065 50 1132 ot]
66 1073 255 1156 prolapsum
277 1075 385 1157 ignem
407 1077 588 1142 ultroneum
611 1078 800 1144 accessisse.
824 1077 902 1142 mihi
925 1083 957 1141 et
979 1076 1126 1142 arridens
1148 1075 1237 1140 addi·

66 1183 112 1247 dit
131 1179 212 1266 ‘quo
235 1205 337 1268 usque
361 1206 437 1268 ergo
460 1187 581 1252 frustra
596 1207 765 1272 pascemus
780 1187 924 1270 igninum
948 1179 1081 1252 istuml'
1128 1234 1134 1245 s

150 1295 220 1358 Nec
250 1296 358 1360 multis
387 1296 563 1364 interiectis
592 1298 706 1364 diebus
742 1299 838 1380 longe
871 1298 1036 1381 peioribus
1070 1318 1120 1361 me
1153 1295 1235 1382 dolis

27 1409 50 1455 ¹⁰
66 1405 191 1487 petiuit.
222 1405 309 1488 ligno
332 1408 418 1471 enim
442 1407 527 1490 quod
549 1409 702 1491 gerebam
729 1409 973 1503 inxproximam
995 1409 1138 1474 casulam
1161 1427 1236 1472 uen-

66 1517 131 1580 ditc
161 1535 300 1580 uacuum
337 1522 391 1582 me¹
410 1517 530 1584 ducens
559 1518 624 1582 iarn
654 1539 689 1584 se
718 1519 882 1602 nequitiae
911 1538 1003 1584 meae
1033 1520 1237 1602 proclamans

66 1628 224 1711 imparem
246 1629 524 1710 miserrimumque
547 1629 635 1699 istud
657 1629 878 1712 magisterium
901 1649 1064 1694 rennuens
1088 1630 1236 1712 querelas

66 1739 161 1805 huius
186 1736 271 1802 modi
294 1740 464 1804 concinnat
483 1732 614 1806 ‘uidetis
637 1740 733 1830 istum
757 1739 883 1823 pigrum
898 1738 1182 1822 tardissimumque
1205 1745 1236 1804 et
1259 1741 1339 1806 XXl

67 1850 161 1916 nimis
187 1849 336 1914 asinum?
367 1869 417 1914 me
439 1856 567 1933 praeter
589 1857 695 1915 cetera
716 1849 840 1932 flagitia
862 1869 946 1914 nunc
969 1852 1062 1915 nouis
1085 1849 1237 1934 perieulis

26 1951 164 2024 l5etia1n
188 1960 287 2043 angit.
321 1967 355 2024 ut
383 1951 542 2044 quemque
565 1959 650 2026 enim
672 1961 830 2025 uiatorem
857 1960 1061 2045 prospexerit
1082 1959 1151 2024 siue
1180 1959 1238 2022 illa

70 2071 186 2136 scitula
207 2071 322 2136 mulier
344 2071 413 2136 siue
435 2072 526 2155 uirgo
554 2073 673 2138 nubilis
703 2091 761 2136 seu
784 2077 875 2136 tener
904 2070 1046 2155 puellus,
1077 2089 1132 2134 eos
1161 2069 1234 2133 ilico

70 2181 249 2246 disturbato
286 2181 466 2265 gestamine
501 2203 567 2247 non
602 2202 767 2266 nunquam
800 2183 898 2246 etiarn
934 2181 1016 2264 ipsis
1050 2180 1235 2246 stramentis

67 2292 200 2356 abiectis
223 2291 332 2356 furens
354 2292 487 2358 incurrit
503 2301 534 2358 et
549 2293 695 2359 homines
711 2300 836 2357 amator
858 2292 933 2356 talis
949 2292 1074 2376 appetit
1095 2297 1127 2355 et
1148 2289 1236 2353 humi

67 2403 235 2485 prostratis
264 2403 329 2469 illis
358 2403 488 2469 inhians
515 2403 644 2470 illicitas
674 2410 770 2487 atque
799 2403 980 2486 incognitas
1010 2407 1145 2486 temptat
1165 2399 1236 2465 iibi-

24 2520 50 2568 20
67 2511 158 2578 dines
184 2520 216 2578 et
237 2513 357 2579 ferinas
388 2516 568 2598 uoluptates
598 2534 715 2580 auersa
738 2515 863 2579 Venere
892 2514 1008 2588 inuitat
1029 2512 1073 2577 ad
1095 2513 1239 2597 nuptias..
1264 2577 1266 2585 ,

66 2644 138 2687 narn
160 2623 335 2707 imaginem
358 2624 454 2688 etiam
478 2625 561 2691 sauii
584 2624 776 2691 mentiendo
799 2644 853 2690 ore
882 2624 1027 2709 improbo
1057 2624 1237 2707 compulsat

67 2754 101 2797 ac
122 2733 279 2799 morsitat.
310 2754 391 2818 quac
419 2754 472 2801 res
494 2736 588 2801 nobis
610 2756 674 2799 non
704 2735 883 2801 mediocres
906 2737 978 2800 lites
1002 2742 1098 2817 atque
1121 2734 1234 2816 iurgia,

66 2845 159 2908 immo
176 2844 310 2909 forsitan
333 2851 364 2909 et
386 2845 521 2909 crimina
542 2845 655 2929 pariet.
693 2847 896 2911 nuncetiam
919 2846 990 2909 uisa
1013 2844 1152 2928 quadarn
1175 2843 1234 2907 ho-

67 2954 296 3038 nesteronem,
319 2956 407 3037 ligno
431 2956 516 3039 quod
531 2955 713 3022 deuehebat
727 2956 852 3021 abiecto
875 2956 1085 3040 dispersoque
1108 2953 1235 3018 ineam

25 3077 50 3126 rs
68 3065 203 3131 furiosos
226 3063 342 3129 direxit
364 3067 502 3149 impetus
533 3074 564 3131 et
593 3067 727 3133 festinus
756 3068 809 3132 hic
831 3067 954 3133 amasio
983 3064 1080 3129 burno
1103 3063 1235 3129 sordida

68 3181 256 3257 prostratam
281 3176 447 3246 mulierem
469 3177 590 3243 ibidem
613 3179 755 3244 incoram
771 3178 913 3242 omnium
927 3175 1088 3259 gestiebat
1109 3174 1235 3239 inscen-

69 3284 151 3349 dere.
177 3286 261 3367 qucd
283 3287 346 3352 nisi
369 3288 494 3370 ploratu
518 3296 695 3373 questuque
718 3278 855 3353 femineo
877 3289 1111 3352 conclamatum
1134 3286 1234 3349 uiato-

67 3416 132 3460 rum
156 3395 355 3480 praesidium
379 3398 570 3464 accurrisset
597 3420 635 3463 ao
663 3398 704 3465 de
726 3399 842 3465 mediis
865 3398 993 3482 ungulis
1021 3396 1125 3480 ipsius
1148 3402 1235 3461 esset

68 3490 178 3591 erepta
199 3507 413 3591 liberataque,
448 3510 566 3575 misera
594 3510 652 3575 illa
680 3511 862 3595 compauita
883 3515 980 3591 atque
1004 3506 1133 3590 dirupta
1155 3506 1235 3591 ‘ipsa

24 3630 50 3678 ao
68 3615 194 3696 quidem
218 3618 422 3683 cruciabilem
445 3618 570 3685 cladem
607 3622 830 3701 sustinuisset,
869 3618 962 3684 nobis
990 3637 1067 3682 uero
1096 3618 1234 3702 poenale

67 3727 247 3811 reliquisset
269 3723 425 3794 exitium'

131 3963 284 4035 81n1gn1nd
299 3966 352 4036 Fu,
372 3927 394 4021 cc
413 3966 601 4035 rgnmumadd.
619 3970 647 4022 io
664 3968 817 4037 morpinep
878 3966 1013 4033 dperor1b3
1029 3963 1082 4033 fp:
1100 3965 1187 4033 perob;
1206 3964 1234 4018 F

70 4061 97 4109 lt
118 4065 227 4127 praeter
249 4059 380 4115 Iorttiaa:
403 4061 482 4129 pr
577 4066 605 4115 15
631 4078 726 4129 qucuq:
752 4059 780 4113 F
865 4063 893 4111 16
911 4058 1015 4127 puellus
1034 4057 1066 4126 f:
1088 4058 1178 4126 puellu
1201 4057 1234 4121 F,

67 4152 153 4217 puella
170 4172 189 4221 p
260 4169 305 4207 eos
322 4156 424 4226 serapti
429 4176 438 4206 .·
458 4156 510 4210 isle
528 4155 559 4219 F,
579 4170 641 4209 ecce
659 4155 774 4209 coniecit
785 4150 958 4214 Stemecbr'us,
978 4152 1008 4203 lrt
1023 4150 1232 4221 Oudendorpias

69 4248 96 4295 17
115 4244 256 4315 segmentis
268 4250 382 4303 coniecit
396 4248 546 4303 Vulcanius
614 4251 643 4301 21
665 4248 729 4300 [abu
746 4246 768 4315 s
831 4249 863 4297 22
881 4244 1059 4313 morlrcatFp
1128 4244 1232 4297 medra-

68 4383 122 4435 crcl
135 4382 168 4451 f:
184 4383 324 4439 medrocrrl
339 4385 371 4451 F,
389 4334 568 4453 medrddrrlp
655 4388 687 4438 30
705 4384 803 4457 penale
820 4382 848 4436 F

114 4476 233 4521 drvnmvs
1009 4476 1024 4522 9
