2934 4900
212 213 272 274 166
700 228 794 273 urnac
816 228 891 275 vnn

210 378 334 460 addens
356 397 490 444 cuneum
513 378 567 462 qni
590 378 746 462 rigentem
769 397 900 462 prorsus
924 380 1010 445 serui
1032 380 1238 460 tenacitatem
1259 382 1386 451 uiolen-

208 488 471 572 ter-diffindepet.
500 495 648 573 porrecta
662 489 859 557 enimmanu
882 510 942 555 sua
964 488 1163 557 demonstrat
1185 492 1216 557 ei
1238 492 1385 561 nouitate

207 599 309 664 nimia
330 598 504 665 candentes
527 597 648 665 solidos
671 617 786 664 aurcos
809 620 941 682 quorum
964 601 1080 683 uiginti
1102 600 1232 682 quidem
1254 604 1386 685 puellae

61 714 188 781 XVIIII
209 708 418 792 destinasset,
441 709 514 794 ipsi
536 728 613 774 uero
636 708 747 775 decem
769 709 906 775 libenter
928 710 1064 776 offerret.
1110 710 1275 782 exhorruit
1296 713 1386 799 Myr·

209 840 283 887 mex
302 819 480 885 inauditum
502 820 626 886 facinus
649 827 681 884 et
701 819 839 887 occlusis
863 821 995 887 auribus
1011 820 1122 904 effugit
1142 822 1298 906 protinus.
1320 843 1385 891 nec
1405 832 1418 880 5

209 932 279 997 auri
300 937 408 997 tamen
431 929 585 1015 splendor
606 912 773 996 flammeus
797 932 906 997 oculos
940 930 1042 1015 ipsius
1077 932 1166 999 exire
1197 932 1301 1017 potuit
1322 934 1385 1001 sed

210 1060 305 1124 quam
327 1042 439 1126 procul
461 1047 602 1107 semotus
618 1047 650 1105 et
664 1040 794 1105 domum
817 1041 914 1106 celeri
929 1040 1033 1124 gradu
1055 1049 1226 1126 prouectus
1248 1043 1385 1123 uidebat

208 1160 316 1219 tamen
339 1150 455 1217 decora
476 1150 533 1215 illa
554 1156 703 1216 monetae
731 1151 854 1216 lumina
877 1157 908 1216 et
930 1144 1293 1237 opulentampracdam
1315 1154 1386 1219 iam

207 1262 338 1329 tenebat
359 1261 466 1326 animo
489 1261 633 1345 miroque
647 1261 764 1327 mentis
788 1262 856 1327 salo
879 1265 911 1327 et
933 1262 1161 1345 cogitationum
1177 1264 1389 1331 dissensione

208 1373 353 1440 mIsellus
385 1372 418 1436 in
452 1371 600 1439 diuersas
637 1372 815 1437 sententias
843 1372 1035 1457 carpebatur
1062 1392 1101 1437 ac
1129 1373 1385 1441 distrahebatur.
1407 1389 1435 1437 ro

207 1484 273 1549 illic
294 1482 385 1560 fides,
408 1482 461 1547 bic
482 1482 615 1565 lucrum,
638 1482 704 1547 illic
727 1482 902 1563 cruciatus,
925 1482 978 1547 hic
1000 1483 1158 1567 uoluptas.
1194 1485 1237 1550 ad
1259 1484 1386 1569 postre-

208 1616 294 1659 mum
316 1599 423 1659 mmen
446 1592 648 1658 formidinem
669 1594 781 1659 mortis
803 1593 880 1658 uicit
902 1613 1024 1658 aurum.
1054 1613 1113 1659 nec
1136 1594 1251 1661 saltem
1274 1598 1385 1681 spatio

209 1703 325 1789 cupido
362 1704 543 1770 formonsae
579 1690 735 1788 pecuniae
773 1703 954 1770 leniebatur
987 1704 1044 1771 sed
1072 1711 1245 1771 nocturnas
1283 1707 1386 1772 etiam

208 1834 303 1881 curas
325 1816 490 1880 inuaserat
512 1814 667 1898 pestilens
697 1813 836 1879 auaritia
864 1820 899 1878 ut
920 1814 1068 1897 quamuis
1091 1815 1180 1881 erilis
1203 1836 1275 1882 eum
1300 1836 1386 1881 corn-

209 1925 342 1991 minatio
372 1924 458 1989 domi
491 1924 664 2005 cohiberet,
697 1944 810 1989 aurum
847 1931 956 1989 tamen
986 1925 1072 1991 foras
1103 1906 1261 1992 euocaret.
1308 1933 1388 1993 tunc
1408 1939 1435 1987 15

208 2036 362 2102 deuorato
390 2033 514 2119 pudore
543 2040 574 2099 et
606 2034 728 2099 dimota
755 2034 957 2100 annotatione
980 2034 1090 2101 sicad
1104 2055 1207 2102 aures
1228 2036 1387 2105 dominae

209 2144 547 2228 mandatumperfert.
584 2164 644 2210 nec
665 2165 686 2210 a
707 2145 850 2227 genuina
870 2145 1003 2211 leuitate
1026 2144 1162 2211 desciuit
1183 2147 1302 2214 mulier
1325 2148 1386 2215 sed

209 2255 390 2324 execrando
412 2254 543 2320 metallo
564 2255 753 2339 pudicitiam
777 2274 869 2321 suam
891 2254 1038 2339 protinus
1060 2263 1226 2322 auctorata
1248 2264 1309 2325 est.
1338 2258 1388 2324 ita

206 2365 324 2451 gaudio
347 2364 495 2448 perfusus
516 2363 560 2429 ad
582 2385 660 2431 suae
682 2364 759 2431 fidei
787 2366 1010 2451 praecipitium
1032 2366 1177 2452 Myrmex
1198 2386 1264 2432 non
1286 2369 1388 2434 modo

209 2496 325 2562 capere
347 2496 457 2541 uerum
470 2476 584 2542 saltem
606 2477 801 2559 contingere,
819 2497 915 2562 quam
937 2477 1034 2542 exitio
1058 2498 1115 2544 suo
1138 2477 1273 2559 uiderat,
1286 2499 1388 2564 pecu·
1406 2439 1446 2573 {2⁰2

208 2587 296 2652 niam
318 2587 451 2670 cupiens
474 2595 506 2652 et
534 2586 662 2669 magnis
696 2587 763 2652 suis
790 2587 957 2654 laboribus
988 2587 1161 2672 perfectum
1185 2587 1390 2655 desiderium

205 2697 390 2763 Philetaero
411 2696 536 2762 laetitia
556 2696 696 2781 percitus
718 2697 854 2780 nuntiat,
878 2697 1050 2781 statimque
1072 2697 1268 2766 destinatum
1289 2721 1390 2784 prae-

209 2809 307 2873 mium
329 2807 478 2893 rcposcit‚
502 2813 534 2873 ct
555 2813 643 2872 tenet
664 2827 811 2874 nummos
834 2827 950 2874 aureos
973 2829 1088 2874 manus
1103 2809 1274 2895 Myrmecis
1298 2832 1389 2895 quae

121 2923 186 2989 XX
211 2938 271 2985 nec
293 2937 406 2984 aereos
434 2924 537 2982 uorat.
582 2917 711 3002 iamque
739 2923 832 2983 nocte
854 2924 1000 3002 promota
1022 2919 1124 2986 solum
1161 2919 1308 3004 perducit
1343 2923 1389 2988 ad

209 3029 352 3111 domum,
382 3027 545 3112 probeque
567 3028 672 3112 capite
701 3035 879 3094 contectum
901 3035 1076 3094 amatorem
1099 3037 1263 3096 strenuum
1283 3031 1390 3098 infert
1407 3041 1437 3089 '25

209 3140 353 3223 adusque
390 3137 539 3203 dominae
575 3137 766 3203 cubiculum.
810 3137 1008 3204 commodum
1045 3141 1139 3207 nouIs
1176 3142 1387 3225 amplexibus

209 3249 320 3314 Amori
342 3247 413 3312 rudi
437 3248 589 3331 litabant,
623 3248 823 3314 commodum
845 3249 951 3334 prima
973 3249 1136 3333 stipendia
1157 3251 1276 3317 Veneri
1297 3254 1387 3318 mili·

209 3359 321 3446 tabant
343 3357 421 3423 nudi
443 3347 561 3424 milites
583 3364 615 3423 et
636 3366 748 3424 contra
770 3359 909 3424 omnium
926 3360 1110 3445 opinionem
1133 3367 1260 3445 captata
1275 3365 1386 3430 noctis

211 3468 449 3554 opportunitate
471 3469 655 3553 inprouisus
678 3469 812 3535 maritus
834 3469 971 3536 adsistit.
1009 3490 1087 3537 suae
1110 3471 1224 3538 domus
1246 3472 1387 3538 ianuam

209 3581 275 3644 iam
297 3581 405 3665 pulsat
426 3579 491 3643 iam
514 3581 632 3644 clamat
652 3579 717 3644 iam
740 3598 819 3646 sano
842 3580 926 3646 fores
949 3581 1097 3646 uerberat
1119 3587 1151 3648 et
1181 3583 1253 3666 ipsa
1282 3573 1388 3648 tardi·
1408 3591 1438 3640 30

209 3696 275 3756 tate
297 3690 402 3772 magIs
423 3689 593 3772 magisque
615 3695 783 3774 suspectus
806 3687 878 3755 dira
899 3691 1110 3757 comminatur
1130 3692 1285 3776 Myrmeci
1307 3713 1388 3780 sup-

175 3870 178 3875 ⁴
208 3801 316 3885 plicia.
339 3805 372 3864 at
393 3799 448 3865 illc
470 3801 638 3883 repentino
660 3800 745 3864 malo
761 3799 964 3884 perturbatus
981 3808 1012 3866 et
1027 3802 1145 3868 misera
1165 3795 1388 3886 trepidatione

208 3909 252 3974 ad
272 3910 415 3994 inopiam
438 3909 565 3974 consilii
594 3908 765 3992 deductus,
803 3909 888 3995 quod
917 3912 1020 3978 solum
1053 3918 1178 3996 poterat
1206 3920 1388 3982 nocturnas

277 4157 288 4206 t
309 4152 410 4206 addent
426 4147 610 4221 adcunepr
691 4151 881 4208 adrffunder&
893 4153 938 4223 I'p
1017 4159 1031 4208 9
1051 4170 1144 4224 mnoq;
1162 4155 1215 4224 fe:
1234 4171 1341 4227 moroq;
1364 4159 1392 4213 F.

209 4250 241 4300 16
258 4245 307 4313 sic]
326 4246 369 4299 hic
387 4246 502 4300 coniecit
520 4245 654 4309 Roaldca
665 4245 747 4321 voclus
759 4245 967 4320 Oudendorpr'as
1055 4251 1085 4302 18
1105 4249 1257 4304 exomendo
1275 4255 1306 4303 at
1325 4252 1386 4306 uid.

207 4337 253 4400 Fa
273 4337 460 4407 execrandop
547 4341 579 4392 22
598 4331 769 4408 phrielrthero
788 4340 815 4394 F
897 4344 930 4431 31Ι
947 4343 1103 4406 mrrmrcru
1192 4382 1193 4385 ,
