2934 4900
542 195 615 276 cnr.
638 227 774 291 arr-xv,
1023 251 1027 266 ι
1175 217 1240 278 tas

59 397 114 444 ne.
130 379 297 463 praesenti
319 381 453 464 negotio
470 387 504 446 ut
526 381 654 446 alienus
677 379 903 466 discreparem,
926 384 1081 467 porrectis
1104 384 1235 451 auribus

59 486 278 572 proflatisque
300 489 433 558 naribus
457 489 562 556 ru'diui
584 491 715 573 fortiter,
738 492 835 556 immo
857 494 982 558 tonanti
1004 494 1144 558 clamore
1165 513 1236 578 per

62 599 173 662 sonui.
190 605 222 664 et
233 601 323 665 illam
333 600 475 669 thalamo
490 607 651 687 receptam
667 601 832 668 commode
846 612 999 688 parentes
1011 604 1062 670 sui
1074 604 1235 686 touchant,

55 729 111 772 me
124 702 208 774 uero
216 729 287 774 oum
298 711 422 794 ingenti
436 713 648 778 iumentorum
659 713 842 796 ciuiumque
852 714 1056 780 multitudine
1069 716 1237 781 confestim
1329 725 1333 729 ’

23 835 38 882 5
58 828 151 885 retro
173 821 380 906 Tlepolemus
402 823 522 906 agebat
543 842 609 888 non
630 822 776 889 inuitum.
813 843 890 888 nam
919 830 952 889 et
980 824 1063 890 alias
1091 824 1237 891 curiosus

57 937 90 994 et
121 937 200 996 tunc
233 932 394 998 latronum
427 931 625 1018 captiuitatis
655 941 816 1018 spectator
845 933 996 1019 optabam
1031 935 1111 1000 fieri.
1156 953 1237 1016 qnos

63 1039 201 1124 quidem
223 1042 391 1127 colligatos
414 1043 520 1110 adbuc
542 1045 618 1108 uino
647 1045 752 1126 magis
775 1064 872 1127 quam
901 1044 1039 1111 uinculis
1061 1044 1238 1129 deprehen-

59 1151 183 1217 dimus.
207 1154 282 1220 totis
305 1173 381 1238 ergo
403 1153 538 1239 prolatis
554 1153 716 1236 erutisque
738 1154 836 1219 rebus
857 1161 889 1218 et
909 1153 1005 1221 nobis
1027 1158 1105 1219 auro
1122 1175 1238 1238 argen-

60 1268 164 1346 toque
186 1269 219 1328 et
240 1264 354 1331 ceteris
378 1265 502 1330 onustis
539 1265 628 1348 ipsos
657 1264 776 1348 partim
797 1264 1003 1347 constrictos,
1034 1265 1080 1330 uti
1102 1265 1237 1348 fuerant,

15 1374 42 1424 ¹0
59 1373 317 1456 prouolntosqne
345 1375 379 1440 in
407 1376 572 1460 proximas
599 1374 733 1459 rupinas
763 1374 959 1459 praecipites
987 1375 1123 1457 dedere,
1156 1376 1239 1442 alios
1302 1438 1304 1447 .

61 1503 144 1548 uero
168 1483 237 1550 suis
261 1485 323 1550 sibi
345 1485 464 1568 gladiis
488 1485 693 1551 obtruncatos
716 1485 883 1570 reliquere.
1214 1568 1218 1580 Ι

154 1594 225 1667 Tali
253 1593 397 1660 uindicta
425 1597 502 1660 laeti
525 1608 556 1660 et
576 1595 758 1678 gaudentes
790 1596 953 1661 ciuitatem
976 1598 1171 1662 reuenimus.
1209 1603 1241 1661 et

6 1711 45 1771 ⁹4]
62 1705 143 1771 illas
166 1704 295 1788 quidem
330 1705 463 1772 diuitias
485 1706 615 1791 publica
636 1705 803 1772 custodela
823 1705 1023 1788 commisere,
1053 1707 1240 1791 Tlepolemo

62 1816 212 1900 puellam
234 1804 403 1901 repetitam
424 1817 497 1900 lege
519 1815 691 1882 tradidere.
730 1816 805 1882 exin
827 1836 879 1882 me
901 1838 993 1882 suum
1016 1818 1240 1902 sospitatorem
1264 1809 1361 1881 XIIII

18 1933 44 1982 ¹5
63 1933 288 2011 nuncupatum
310 1933 458 1993 matrona
478 1927 603 2011 prolixe
632 1927 790 1992 curitabat
819 1928 954 2012 ipsoque
975 1927 1159 2012 nuptiarum
1188 1927 1241 1991 die

62 2037 276 2122 praesepium
303 2057 409 2102 meum
439 2037 537 2102 ordeo
565 2037 689 2121 passim
716 2038 836 2120 repleri
858 2037 947 2102 iubet
973 2038 1167 2120 faenumque
1188 2057 1242 2101 ea-

62 2149 152 2213 melo
175 2147 347 2213 Bactrinae
369 2147 532 2214 sufficiens
555 2148 685 2232 apponi.
715 2147 774 2212 sed
795 2168 876 2231 quas
899 2167 959 2231 ego
982 2146 1159 2230 condignas
1180 2149 1242 2212 Fe

63 2257 126 2323 tidi
153 2256 242 2322 diras
270 2257 460 2324 denotiones
493 2241 641 2342 in'precer
669 2277 751 2340 quae
780 2277 832 2322 me
860 2258 1010 2322 formauit
1036 2278 1101 2323 non
1129 2276 1241 2323 oanern

67 2367 128 2434 sed
154 2369 281 2432 asinum
309 2369 429 2454 quippe
458 2388 529 2432 cum
566 2368 711 2434 uiderem
732 2367 937 2451 largissimae
966 2387 1065 2453 cenae
1097 2368 1242 2453 reliquiis

17 2488 47 2538 ao
64 2478 259 2563 rapinisque
282 2498 380 2545 canes
403 2499 514 2545 onmes
537 2480 698 2546 inescatos
714 2486 811 2563 atque
826 2479 994 2545 distentos.
1024 2488 1097 2563 post
1118 2472 1244 2545 noctem

65 2591 210 2655 unicam·
228 2595 259 2653 et
287 2588 470 2655 rudimenta
497 2590 634 2656 Veneris
663 2610 777 2655 recens
813 2596 916 2674 nupta
950 2590 1073 2673 gratias
1102 2588 1243 2656 summas

65 2699 160 2786 apud
182 2720 257 2765 suos
280 2707 431 2785 parentes
461 2719 499 2765 ac
528 2701 677 2764 maritum
707 2700 786 2765 mihi
815 2683 1002 2765 meminisse
1030 2719 1095 2765 non
1123 2700 1245 2766 destitit

71 2808 183 2895 quoad
205 2831 346 2877 summos
367 2811 413 2874 illi
437 2809 659 2895 promitterent
681 2810 821 2875 bonores
844 2810 985 2874 habituri
1007 2810 1096 2874 milri.
1126 2830 1245 2874 conno-

71 2922 157 2987 catis
180 2920 318 3004 denique
340 2920 543 3003 grauioribus
567 2920 679 2985 amicis
703 2920 871 2985 consilinm
900 2918 995 2983 datur
1023 2939 1085 3002 quo
1115 2920 1244 3003 potissi-

20 3052 50 3101 ·25
72 3052 163 3097 mum
185 3030 268 3095 iacto
290 3031 388 3115 digne
411 3049 644 3097 remunerarer.
667 3030 834 3113 placuerat
855 3030 912 3094 uni
934 3029 1020 3094 domi
1042 3050 1094 3095 me
1120 3031 1246 3095 conclu·

72 3164 147 3209 sum
169 3153 201 3207 et
222 3143 377 3208 ostiosum
399 3142 521 3207 hordeo
543 3141 624 3204 lecto
654 3140 794 3223 fabaque
822 3147 854 3204 et
882 3141 968 3205 uioia
996 3140 1150 3223 saginari.
1188 3139 1246 3206 sed

71 3251 214 3337 optinuit
235 3251 318 3319 alius
341 3253 396 3336 qui
419 3271 510 3317 meae
530 3251 672 3317 libertati
695 3256 906 3336 prospexerat
934 3249 1076 3340 suadens
1105 3257 1140 3316 ut
1161 3271 1247 3316 rure-

74 3362 197 3429 stribus
219 3362 325 3447 potius
348 3362 469 3447 campis
491 3362 526 3426 in
547 3381 663 3445 greges
686 3361 822 3445 equinos
839 3361 1012 3427 lasciuiens
1035 3360 1247 3427 discurrerem

76 3473 215 3539 daturus
247 3473 388 3538 dominis
423 3490 575 3555 equarum
614 3472 766 3537 inscensu
803 3491 959 3555 generoso
991 3472 1109 3537 multas
1142 3473 1246 3537 mulas

22 3597 52 3645 3ο
75 3585 237 3653 alumnas.
262 3601 338 3665 ergo
360 3582 457 3675 igitur
472 3588 605 3647 euocato
622 3581 730 3646 statim
746 3584 941 3648 armentario
957 3583 1112 3665 equisone
1127 3602 1247 3665 magna
1268 3587 1330 3651 XV

141 3866 156 3913 5
174 3865 245 3915 retro
264 3891 273 3911 ι
292 3860 355 3914 laid.
373 3858 463 3929 fuisse
481 3860 499 3923 l)
518 3858 549 3919 F,
568 3857 644 3915 retrd'
662 3861 720 3923 (sed
736 3878 791 3914 troo
808 3865 848 3913 est
864 3860 1039 3930 uiryaloquo
1056 3875 1089 3912 ur
1106 3859 1244 3929 siguifica-

72 3961 134 4008 tar:
152 3954 285 4008 abblata
303 3954 470 4021 aaronica
545 3954 733 4029 plepolem3E
822 3959 852 4008 10
869 3954 978 4022 rapmaf
994 3952 1038 4021 Fe
1126 3956 1154 4005 11
1173 3951 1245 4019 relrl·

73 4062 201 4117 queram:
218 4048 369 4115 relrnquere
386 4046 415 4099 F
481 4051 511 4099 12
522 4051 634 4101 crmtate
651 4077 662 4099 a
679 4038 701 4107 t*
714 4047 776 4102 add.
790 4046 1026 4111 monterotundo,
1038 4047 1067 4100 ia
1084 4061 1139 4098 ros.
1148 4046 1207 4115 fuit
1224 4046 1244 4111 s)

72 4143 104 4205 F,
125 4140 274 4208 erurtate'o
362 4144 393 4193 14
411 4154 453 4194 me
472 4141 546 4193 fuum
564 4140 733 4195 Beroaldus:
757 4136 818 4195 met
835 4141 879 4209 Fa
969 4144 997 4193 15
1017 4139 1152 4194 curitabat
1168 4136 1245 4193 Satt-

77 4234 237 4293 clceradius:
254 4235 379 4305 qmtabat,
398 4233 461 4288 odd.
476 4235 502 4287 in
522 4234 607 4305 marg.
627 4238 723 4289 curuta
741 4233 774 4296 F,
793 4233 979 4302 curutabatcp
1068 4238 1098 4286 te
1115 4228 1245 4303 femmam

74 4357 119 4425 ro
190 4360 221 4409 25
239 4316 279 4409 uir
296 4356 328 4421 F,
346 4372 394 4409 unt
412 4374 431 4423 φ
