2934 4900
529 251 603 298 car.
626 251 746 297 m-rr
1186 238 1227 298 59

57 422 191 486 namque
218 404 275 468 ille
302 403 386 468 alius
415 404 526 468 asinus
554 402 699 468 diuinato
727 409 760 466 et
785 409 956 488 antecapto
985 423 1057 468 meo
1084 405 1228 486 cogitatu

60 513 161 578 statim
176 513 331 578 ementita
351 512 545 580 lassitudine
560 533 632 578 cum
651 514 749 580 rebus
763 516 840 579 totis
861 513 1039 579 offimditur
1051 514 1227 599 iacensque

58 623 88 686 in
108 630 263 688 mortuum
286 644 351 689 non
374 623 512 690 stratibus
539 644 605 689 non
628 624 767 690 stimulis
788 643 827 688 ac
848 624 1017 690 necanda
1040 631 1072 691 et
1093 625 1226 692 auribus

59 733 262 818 curribusque
277 733 421 818 undique
442 754 571 800 uersum
587 734 723 800 eleuatis
745 735 917 819 temptauit
929 753 1104 818 exsurgere
1119 736 1226 820 quoad

31 843 182 910 candem
203 851 373 930 postumae
395 844 466 929 spei
488 846 614 928 fatigati
645 864 823 928 secumque
840 844 998 910 conlocuti
1018 865 1061 911 ne
1082 852 1149 910 tam
1170 845 1227 910 diu

59 960 175 1019 mortuo
197 955 296 1019 immo
318 974 396 1020 uero
418 954 549 1038 lapideo
571 956 664 1021 asino
681 956 861 1020 seruientes
883 955 991 1038 fugam
1014 964 1225 1038 morarentur,

60 1065 188 1131 sarcinis
211 1065 281 1130 eius
304 1065 382 1130 mibi
411 1084 557 1149 equoque
579 1064 762 1132 distributis
788 1044 932 1131 districto
955 1064 1065 1148 gladio
1086 1068 1226 1151 poplites

61 1175 123 1242 cius
153 1182 237 1240 totos
266 1182 444 1261 amputant.
481 1194 519 1240 ac
548 1176 714 1259 paululum
737 1197 758 1239 a
778 1175 834 1239 uia
854 1181 1026 1240 retractum
1055 1196 1114 1260 per
1135 1178 1226 1242 altis·

60 1285 167 1350 simum
195 1304 353 1371 praeceps
382 1286 416 1350 in
449 1286 567 1351 uallem
600 1285 780 1369 proximam
810 1287 907 1350 etiam
936 1304 1021 1351 nunc
1049 1288 1226 1371 spirantem

22 1395 44 1442 ¹⁰
59 1396 274 1482 praecipitant.
310 1402 386 1460 tunc
414 1415 474 1478 ego
504 1395 612 1462 miseri
641 1396 867 1461 commilitonis
898 1397 1057 1460 forturmm
1079 1397 1225 1481 cogitans

60 1507 148 1570 statui
180 1506 245 1570 iam
269 1505 353 1572 dolis
368 1506 518 1572 -abicetis
540 1513 572 1571 et
594 1505 761 1571 fraudibus
790 1506 917 1572 asinum
940 1526 991 1571 me
1014 1507 1119 1571 bonae
1141 1508 1225 1592 frugi

60 1616 189 1682 dominis
221 1615 385 1682 exhibere.
422 1636 497 1682 nam
526 1623 559 1682 et
587 1635 696 1682 secum
725 1636 781 1682 eos
804 1616 1096 1682 animaduerteram
1119 1618 1225 1682 conlo-

60 1734 186 1810 quentes
208 1725 295 1811 quod
317 1727 352 1792 iu
374 1726 519 1809 proximo
535 1724 629 1793 uobis
652 1733 738 1793 esset
759 1726 912 1791 habenda
926 1727 1051 1794 mansio
1075 1735 1107 1792 et
1127 1728 1225 1794 totius

61 1838 126 1903 uiae
155 1837 229 1904 finis
253 1837 362 1921 quieta
388 1857 563 1920 eorumque
585 1844 671 1903 esset
703 1836 799 1903 sedes
822 1838 880 1902 illa
901 1844 934 1903 et
955 1837 1123 1904 habitatio.
1161 1841 1225 1903 cle·

23 1955 44 2002 u
60 1949 151 2013 menti
173 1947 313 2032 denique
340 1946 531 2013 transmisso
559 1947 677 2012 cliuulo
709 1948 915 2032 peruenimus
938 1947 980 2013 ad
1002 1949 1106 2014 locum
1128 1948 1225 2014 desti-

60 2064 171 2142 natum,
194 2058 249 2123 ubi
272 2058 368 2123 rebus
390 2058 465 2124 totis
488 2057 643 2124 exsolutis
669 2065 766 2140 atque
789 2060 876 2124 intus
898 2057 1036 2126 conditis
1059 2059 1123 2124 iam
1147 2079 1225 2142 pon-

61 2167 130 2235 dere
156 2169 312 2234 liberatus
340 2169 565 2234 lassitudinem
594 2168 665 2233 uice
694 2169 817 2233 lauacri
847 2168 991 2252 pulueris
1025 2168 1224 2236 uolutatibus

61 2277 249 2362 digerebam.
538 2279 543 2296 '

19 2371 45 2438 ὦ]
139 2389 198 2457 Res
226 2409 264 2455 ac
293 2395 420 2475 tempus
448 2387 555 2474 ipsum
583 2389 723 2455 locorum
757 2390 995 2483 speluncaeque
1017 2388 1105 2456 illius
1129 2408 1225 2474 quam
1248 2376 1293 2439 Vl

21 2498 46 2549 ²⁰
61 2501 192 2569 latrones
221 2500 420 2576 inhabitant,
454 2499 701 2584 descriptionem
730 2520 893 2585 exponere
921 2500 1057 2592 flagitat.
1094 2506 1226 2565 namet

61 2630 156 2675 meum
185 2610 281 2677 simul
313 2610 522 2695 periclitabor
554 2610 734 2695 ingenium,
769 2618 802 2677 et
833 2613 908 2678 faxo
936 2631 995 2677 uos
1024 2630 1150 2694 quoque
1181 2630 1225 2675 an

61 2728 157 2787 mente
185 2721 283 2785 etiam
314 2739 475 2804 sensuque
504 2720 618 2785 fuerim
649 2722 760 2787 asinus
789 2720 902 2787 sedulo
936 2720 1093 2787 sentiatis.
1133 2740 1224 2786 mons

61 2830 199 2899 horridus
221 2830 488 2914 siluestribusque
511 2830 677 2897 frondibus
702 2830 873 2897 umbrosus
895 2832 981 2896 etin
1003 2831 1116 2914 primis
1139 2831 1224 2896 altus

61 2938 120 3006 iuit.
157 2942 252 3007 huius
276 2961 334 3026 per
356 2941 487 3025 obliqua
509 2939 635 3007 deuexa
664 2960 728 3024 qua
751 2942 840 3007 saxis
862 2941 1050 3024 asperrimis
1073 2947 1105 3005 et
1127 2939 1168 3004 ob
1191 2940 1224 3005 id

22 3060 45 3111 25
62 3051 226 3119 inaccessis
249 3051 401 3134 cingitur,
421 3052 595 3125 ,conualles
623 3052 797 3115 lacunosae
820 3068 984 3134 cauasque
1005 3049 1139 3115 nimium
1162 3051 1225 3135 spi-

61 3162 136 3229 netis
158 3168 332 3247 aggeratae
354 3167 386 3227 et
408 3182 537 3245 quaqua
559 3180 671 3227 uersus
700 3161 862 3245 repositae
889 3161 1070 3227 naturalem
1092 3162 1225 3226 tutelam

61 3273 246 3354 praebentes
267 3272 464 3337 ambiebant.
500 3270 686 3337 desummo
720 3272 839 3337 uertice
873 3271 945 3337 fons
967 3270 1105 3336 affluens
1127 3271 1225 3338 bullis

62 3381 235 3465 ingentibus
259 3381 451 3447 scaturribat
480 3402 601 3466 perque
624 3402 727 3466 prona
750 3381 903 3466 delapsus
926 3382 1095 3447 euomebat
1118 3381 1224 3449 undas

62 3499 222 3575 argenteas
245 3493 374 3575 iamque
396 3491 509 3558 riuulis
533 3492 680 3575 pluribus
697 3492 864 3576 dispersus
886 3510 925 3557 ac
939 3492 1051 3569 ualles
1074 3492 1148 3559 illas
1171 3513 1225 3576 ag-

23 3618 47 3667 to
63 3600 193 3670 minibus
216 3602 443 3685 stagnantibus
465 3603 611 3686 inrigans
640 3604 673 3667 in
696 3602 825 3667 modum
849 3602 959 3687 stipati
981 3602 1080 3667 maris
1102 3604 1154 3668 uel
1176 3604 1224 3686 ig-

62 3713 130 3776 naui
158 3712 299 3779 fluminis
329 3719 442 3777 cuncta
472 3712 650 3778 cohibebat.
687 3712 826 3797 insurgit
854 3714 1028 3796 speluncae
1057 3733 1121 3796 qua
1144 3734 1224 3778 mar·

121 3976 217 4047 arati
252 3992 359 4045 reatu
384 3989 443 4059 up,
476 3991 569 4048 ratim
590 3991 689 4045 remeet
715 3992 841 4045 ementur
874 3992 988 4046 conam
1014 3989 1225 4060 monaque

62 4080 154 4137 odudrt
170 4086 201 4151 F,
220 4084 381 4153 offundrip
468 4087 607 4138 amonuu
630 4084 663 4154 s:
687 4092 786 4139 mortur
802 4085 846 4154 Fp
933 4090 1095 4153 lerurgere
1112 4082 1153 4147 F,
1177 4098 1223 4136 ex-

63 4188 196 4249 surgerep
275 4178 446 4231 7·larcrn1i
461 4176 493 4240 F,
510 4175 654 4247 sarcinio
724 4174 850 4247 9pxrmb
867 4179 911 4247 qu
982 4183 1012 4231 15
1031 4176 1140 4230 chundo
1158 4176 1222 4230 rard.

62 4268 141 4335 faisse
157 4286 183 4327 ot
200 4271 232 4337 F,
251 4272 349 4327 cbuulo
368 4291 387 4339 φ
465 4274 495 4323 19
514 4286 593 4338 quam
611 4288 661 4327 om.
680 4272 712 4332 F,
730 4271 793 4325 add.
810 4272 892 4343 fscd
907 4287 1005 4324 rursus
1021 4269 1153 4333 dulcem
1172 4287 1223 4323 om.

64 4406 88 4453 q,
105 4392 129 4443 r'n
149 4392 226 4447 cuius
243 4407 329 4462 marg.
349 4390 411 4443 add.
431 4405 453 4443 c.
473 4350 528 4458 {qud
613 4394 644 4442 27
663 4387 767 4443 afluent
782 4410 816 4458 p:
835 4389 938 4443 afluens
954 4390 982 4441 F
