<?xml version="1.0" encoding="UTF-8"?>
<!DOCTYPE html PUBLIC "-//W3C//DTD XHTML 1.0 Transitional//EN"
    "http://www.w3.org/TR/xhtml1/DTD/xhtml1-transitional.dtd">
<html xmlns="http://www.w3.org/1999/xhtml" xml:lang="en" lang="en">
 <head>
  <title>
</title>
<meta http-equiv="Content-Type" content="text/html;charset=utf-8" />
  <meta name='ocr-system' content='tesseract 3.04.00' />
  <meta name='ocr-capabilities' content='ocr_page ocr_carea ocr_par ocr_line ocrx_word'/>
</head>
<body>
  <div class='ocr_page' id='page_1' title='image "./metamorphoseonl00eyssgoog/metamorphoseonl00eyssgoog_0058.png"; bbox 0 0 2934 4900; ppageno 0'>
   <div class='ocr_carea' id='block_1_1' title="bbox 228 198 892 308">
    <p class='ocr_par' dir='ltr' id='par_1_1' title="bbox 228 198 892 308">
     <span class='ocr_line' id='line_1_1' title="bbox 228 198 892 308; baseline 0 -38"><span class='ocrx_word' id='word_1_1' title='bbox 228 211 268 272; x_wconf 86' lang='grc'>46</span> <span class='ocrx_word' id='word_1_2' title='bbox 394 231 396 238; x_wconf 95' lang='grc'><strong><em>·</em></strong></span> <span class='ocrx_word' id='word_1_3' title='bbox 612 198 615 204; x_wconf 72' lang='grc'><strong>’</strong></span> <span class='ocrx_word' id='word_1_4' title='bbox 739 225 832 308; x_wconf 77' lang='lat' dir='ltr'>amar</span> <span class='ocrx_word' id='word_1_5' title='bbox 852 224 892 270; x_wconf 91' lang='lat'>111</span> 
     </span>
    </p>
   </div>
   <div class='ocr_carea' id='block_1_2' title="bbox 129 366 1439 3461">
    <p class='ocr_par' dir='ltr' id='par_1_2' title="bbox 224 366 1418 1235">
     <span class='ocr_line' id='line_1_2' title="bbox 224 366 1396 462; baseline -0.005 -22"><span class='ocrx_word' id='word_1_6' title='bbox 224 371 330 460; x_wconf 81' lang='lat' dir='ltr'>‘rogat</span> <span class='ocrx_word' id='word_1_7' title='bbox 356 366 402 442; x_wconf 83' lang='lat' dir='ltr'>te&#39;</span> <span class='ocrx_word' id='word_1_8' title='bbox 433 375 478 440; x_wconf 89' lang='lat' dir='ltr'>ait</span> <span class='ocrx_word' id='word_1_9' title='bbox 503 367 572 441; x_wconf 90' lang='lat' dir='ltr'>‘tua</span> <span class='ocrx_word' id='word_1_10' title='bbox 600 396 719 460; x_wconf 89' lang='lat' dir='ltr'>parens</span> <span class='ocrx_word' id='word_1_11' title='bbox 742 375 931 462; x_wconf 83' lang='lat' dir='ltr'><strong>Byrrhaena</strong></span> <span class='ocrx_word' id='word_1_12' title='bbox 958 383 989 441; x_wconf 92' lang='lat' dir='ltr'>et</span> <span class='ocrx_word' id='word_1_13' title='bbox 1016 375 1157 442; x_wconf 91' lang='lat' dir='ltr'>oonuiuii</span> <span class='ocrx_word' id='word_1_14' title='bbox 1186 374 1236 440; x_wconf 87' lang='lat' dir='ltr'>eui</span> <span class='ocrx_word' id='word_1_15' title='bbox 1266 379 1297 437; x_wconf 93' lang='lat' dir='ltr'>te</span> <span class='ocrx_word' id='word_1_16' title='bbox 1326 391 1396 438; x_wconf 89' lang='lat' dir='ltr'>sero</span> 
     </span>
     <span class='ocr_line' id='line_1_3' title="bbox 227 478 1395 572; baseline -0.006 -19"><span class='ocrx_word' id='word_1_17' title='bbox 227 482 449 572; x_wconf 87' lang='lat' dir='ltr'>desponderas</span> <span class='ocrx_word' id='word_1_18' title='bbox 471 487 536 551; x_wconf 91' lang='lat' dir='ltr'>iam</span> <span class='ocrx_word' id='word_1_19' title='bbox 559 486 849 572; x_wconf 78' lang='lat' dir='ltr'>adpropinquantis</span> <span class='ocrx_word' id='word_1_20' title='bbox 871 478 1047 553; x_wconf 82' lang='lat' dir='ltr'>admonet&#39;</span> <span class='ocrx_word' id='word_1_21' title='bbox 1085 485 1232 553; x_wconf 80' lang='lat' dir='ltr'>adhaec</span> <span class='ocrx_word' id='word_1_22' title='bbox 1254 503 1313 567; x_wconf 82' lang='lat' dir='ltr'>ego</span> <span class='ocrx_word' id='word_1_23' title='bbox 1334 484 1395 548; x_wconf 83' lang='lat' dir='ltr'>for·</span> 
     </span>
     <span class='ocr_line' id='line_1_4' title="bbox 227 589 1393 683; baseline -0.007 -20"><span class='ocrx_word' id='word_1_24' title='bbox 227 597 355 664; x_wconf 90' lang='lat' dir='ltr'>midans</span> <span class='ocrx_word' id='word_1_25' title='bbox 371 605 403 664; x_wconf 87' lang='lat' dir='ltr'>et</span> <span class='ocrx_word' id='word_1_26' title='bbox 424 599 534 682; x_wconf 91' lang='lat' dir='ltr'>prooul</span> <span class='ocrx_word' id='word_1_27' title='bbox 549 597 798 681; x_wconf 77' lang='lat' dir='ltr'><strong>perhorrescens</strong></span> <span class='ocrx_word' id='word_1_28' title='bbox 814 597 910 662; x_wconf 90' lang='lat' dir='ltr'>etiam</span> <span class='ocrx_word' id='word_1_29' title='bbox 933 599 1038 683; x_wconf 82' lang='lat' dir='ltr'>ipsam</span> <span class='ocrx_word' id='word_1_30' title='bbox 1053 596 1183 662; x_wconf 90' lang='lat' dir='ltr'>domum</span> <span class='ocrx_word' id='word_1_31' title='bbox 1198 595 1268 661; x_wconf 90' lang='lat' dir='ltr'>eius</span> <span class='ocrx_word' id='word_1_32' title='bbox 1287 589 1393 677; x_wconf 89' lang='lat' dir='ltr'>‘quam</span> 
     </span>
     <span class='ocr_line' id='line_1_5' title="bbox 228 700 1394 792; baseline -0.006 -18"><span class='ocrx_word' id='word_1_33' title='bbox 228 703 358 774; x_wconf 88' lang='lat' dir='ltr'>uellem&#39;</span> <span class='ocrx_word' id='word_1_34' title='bbox 389 708 519 791; x_wconf 89' lang='lat' dir='ltr'>inquam</span> <span class='ocrx_word' id='word_1_35' title='bbox 539 700 691 792; x_wconf 77' lang='lat' dir='ltr'>‘lparensl</span> <span class='ocrx_word' id='word_1_36' title='bbox 720 708 818 775; x_wconf 90' lang='lat' dir='ltr'>iussis</span> <span class='ocrx_word' id='word_1_37' title='bbox 840 709 904 774; x_wconf 91' lang='lat' dir='ltr'>tuis</span> <span class='ocrx_word' id='word_1_38' title='bbox 926 707 1116 791; x_wconf 85' lang='lat' dir='ltr'>obsequium</span> <span class='ocrx_word' id='word_1_39' title='bbox 1145 703 1348 772; x_wconf 82' lang='lat' dir='ltr'>commodare</span> <span class='ocrx_word' id='word_1_40' title='bbox 1369 704 1394 768; x_wconf 90' lang='lat' dir='ltr'>si</span> 
     </span>
     <span class='ocr_line' id='line_1_6' title="bbox 227 795 1418 904; baseline -0.005 -20"><span class='ocrx_word' id='word_1_41' title='bbox 227 839 285 904; x_wconf 89' lang='lat' dir='ltr'>per</span> <span class='ocrx_word' id='word_1_42' title='bbox 312 817 408 883; x_wconf 88' lang='lat' dir='ltr'><strong>fidem</strong></span> <span class='ocrx_word' id='word_1_43' title='bbox 436 818 546 884; x_wconf 91' lang='lat' dir='ltr'>lioeret</span> <span class='ocrx_word' id='word_1_44' title='bbox 575 818 608 884; x_wconf 93' lang='lat' dir='ltr'>id</span> <span class='ocrx_word' id='word_1_45' title='bbox 637 818 753 884; x_wconf 83' lang='lat' dir='ltr'>faeere.</span> <span class='ocrx_word' id='word_1_46' title='bbox 785 818 909 904; x_wconf 82' lang='lat' dir='ltr'>hospes</span> <span class='ocrx_word' id='word_1_47' title='bbox 939 820 1025 885; x_wconf 89' lang='lat' dir='ltr'>enim</span> <span class='ocrx_word' id='word_1_48' title='bbox 1054 837 1143 884; x_wconf 90' lang='lat' dir='ltr'>meus</span> <span class='ocrx_word' id='word_1_49' title='bbox 1164 795 1242 882; x_wconf 83' lang='lat' dir='ltr'>Milo</span> <span class='ocrx_word' id='word_1_50' title='bbox 1263 835 1322 900; x_wconf 91' lang='lat' dir='ltr'>per</span> <span class='ocrx_word' id='word_1_51' title='bbox 1342 815 1418 878; x_wconf 67' lang='lat' dir='ltr'>hoo</span> 
     </span>
     <span class='ocr_line' id='line_1_7' title="bbox 228 925 1392 1012; baseline -0.006 -17"><span class='ocrx_word' id='word_1_52' title='bbox 228 929 331 995; x_wconf 90' lang='lat' dir='ltr'>dierni</span> <span class='ocrx_word' id='word_1_53' title='bbox 354 928 418 994; x_wconf 92' lang='lat' dir='ltr'>diei</span> <span class='ocrx_word' id='word_1_54' title='bbox 434 929 732 1012; x_wconf 83' lang='lat' dir='ltr'>praesentissimum</span> <span class='ocrx_word' id='word_1_55' title='bbox 754 949 873 994; x_wconf 90' lang='lat' dir='ltr'>numen</span> <span class='ocrx_word' id='word_1_56' title='bbox 895 929 1051 994; x_wconf 89' lang='lat' dir='ltr'>adiurans</span> <span class='ocrx_word' id='word_1_57' title='bbox 1066 927 1171 994; x_wconf 82' lang='lat' dir='ltr'>effecit</span> <span class='ocrx_word' id='word_1_58' title='bbox 1193 933 1228 991; x_wconf 84' lang='lat' dir='ltr'>ut</span> <span class='ocrx_word' id='word_1_59' title='bbox 1249 927 1319 991; x_wconf 90' lang='lat' dir='ltr'>eius</span> <span class='ocrx_word' id='word_1_60' title='bbox 1339 925 1392 988; x_wconf 89' lang='lat' dir='ltr'>bo·</span> 
     </span>
     <span class='ocr_line' id='line_1_8' title="bbox 228 1034 1392 1125; baseline -0.006 -21"><span class='ocrx_word' id='word_1_61' title='bbox 228 1037 360 1105; x_wconf 86' lang='lat' dir='ltr'>diernae</span> <span class='ocrx_word' id='word_1_62' title='bbox 383 1058 482 1113; x_wconf 84' lang='lat' dir='ltr'>cenae</span> <span class='ocrx_word' id='word_1_63' title='bbox 502 1039 691 1125; x_wconf 83' lang='lat' dir='ltr'>pignerarer</span> <span class='ocrx_word' id='word_1_64' title='bbox 713 1059 773 1106; x_wconf 92' lang='lat' dir='ltr'>neo</span> <span class='ocrx_word' id='word_1_65' title='bbox 793 1040 865 1125; x_wconf 88' lang='lat' dir='ltr'>ipse</span> <span class='ocrx_word' id='word_1_66' title='bbox 887 1038 1025 1106; x_wconf 81' lang='lat' dir='ltr'>discedit</span> <span class='ocrx_word' id='word_1_67' title='bbox 1045 1057 1107 1104; x_wconf 87' lang='lat' dir='ltr'>nee</span> <span class='ocrx_word' id='word_1_68' title='bbox 1128 1058 1180 1103; x_wconf 91' lang='lat' dir='ltr'>me</span> <span class='ocrx_word' id='word_1_69' title='bbox 1195 1034 1321 1121; x_wconf 83' lang='lat' dir='ltr'>digredi</span> <span class='ocrx_word' id='word_1_70' title='bbox 1342 1054 1392 1119; x_wconf 90' lang='lat' dir='ltr'>pa-</span> 
     </span>
     <span class='ocr_line' id='line_1_9' title="bbox 227 1140 1116 1235; baseline 0.002 -22"><span class='ocrx_word' id='word_1_71' title='bbox 227 1151 312 1216; x_wconf 88' lang='lat' dir='ltr'>titur.</span> <span class='ocrx_word' id='word_1_72' title='bbox 349 1149 485 1234; x_wconf 89' lang='lat' dir='ltr'>probino</span> <span class='ocrx_word' id='word_1_73' title='bbox 506 1151 638 1235; x_wconf 88' lang='lat' dir='ltr'>epulare</span> <span class='ocrx_word' id='word_1_74' title='bbox 660 1147 881 1215; x_wconf 91' lang='lat' dir='ltr'>uadimonium</span> <span class='ocrx_word' id='word_1_75' title='bbox 903 1140 1116 1215; x_wconf 84' lang='lat' dir='ltr'>differamus’</span> 
     </span>
    </p>

    <p class='ocr_par' dir='ltr' id='par_1_3' title="bbox 227 1255 1439 2007">
     <span class='ocr_line' id='line_1_10' title="bbox 256 1255 1391 1344; baseline -0.004 -20"><span class='ocrx_word' id='word_1_76' title='bbox 256 1326 262 1339; x_wconf 50' lang='grc'>,</span> <span class='ocrx_word' id='word_1_77' title='bbox 310 1260 399 1325; x_wconf 88' lang='lat' dir='ltr'>Haeo</span> <span class='ocrx_word' id='word_1_78' title='bbox 420 1260 526 1326; x_wconf 88' lang='lat' dir='ltr'>adhue</span> <span class='ocrx_word' id='word_1_79' title='bbox 548 1281 598 1326; x_wconf 91' lang='lat' dir='ltr'>me</span> <span class='ocrx_word' id='word_1_80' title='bbox 620 1261 772 1344; x_wconf 83' lang='lat' dir='ltr'>loquente</span> <span class='ocrx_word' id='word_1_81' title='bbox 793 1279 891 1324; x_wconf 90' lang='lat' dir='ltr'>manu</span> <span class='ocrx_word' id='word_1_82' title='bbox 913 1259 1047 1325; x_wconf 85' lang='lat' dir='ltr'>firmiter</span> <span class='ocrx_word' id='word_1_83' title='bbox 1067 1259 1187 1325; x_wconf 84' lang='lat' dir='ltr'>inieota</span> <span class='ocrx_word' id='word_1_84' title='bbox 1201 1258 1278 1323; x_wconf 89' lang='lat' dir='ltr'>Milo</span> <span class='ocrx_word' id='word_1_85' title='bbox 1299 1255 1391 1321; x_wconf 88' lang='lat' dir='ltr'>iussis</span> 
     </span>
     <span class='ocr_line' id='line_1_11' title="bbox 227 1369 1428 1455; baseline -0.002 -21"><span class='ocrx_word' id='word_1_86' title='bbox 227 1371 436 1437; x_wconf 86' lang='lat' dir='ltr'>balnearibus</span> <span class='ocrx_word' id='word_1_87' title='bbox 467 1369 601 1455; x_wconf 87' lang='lat' dir='ltr'>adsequi</span> <span class='ocrx_word' id='word_1_88' title='bbox 629 1369 777 1455; x_wconf 89' lang='lat' dir='ltr'>produoit</span> <span class='ocrx_word' id='word_1_89' title='bbox 804 1370 846 1435; x_wconf 88' lang='lat' dir='ltr'>ad</span> <span class='ocrx_word' id='word_1_90' title='bbox 868 1370 1033 1435; x_wconf 88' lang='lat' dir='ltr'>lauaorum</span> <span class='ocrx_word' id='word_1_91' title='bbox 1055 1370 1245 1455; x_wconf 84' lang='lat' dir='ltr'>proximum.</span> <span class='ocrx_word' id='word_1_92' title='bbox 1282 1376 1315 1430; x_wconf 85' lang='lat' dir='ltr'>at</span> <span class='ocrx_word' id='word_1_93' title='bbox 1336 1385 1392 1450; x_wconf 86' lang='lat' dir='ltr'>ego</span> <span class='ocrx_word' id='word_1_94' title='bbox 1408 1385 1428 1432; x_wconf 82' lang='lat' dir='ltr'>ro</span> 
     </span>
     <span class='ocr_line' id='line_1_12' title="bbox 227 1476 1389 1566; baseline -0.006 -21"><span class='ocrx_word' id='word_1_95' title='bbox 227 1482 334 1548; x_wconf 89' lang='lat' dir='ltr'>uitans</span> <span class='ocrx_word' id='word_1_96' title='bbox 358 1483 465 1548; x_wconf 86' lang='lat' dir='ltr'>oeulos</span> <span class='ocrx_word' id='word_1_97' title='bbox 488 1481 629 1546; x_wconf 88' lang='lat' dir='ltr'>omnium</span> <span class='ocrx_word' id='word_1_98' title='bbox 652 1486 692 1563; x_wconf 86' lang='lat' dir='ltr'>et,</span> <span class='ocrx_word' id='word_1_99' title='bbox 716 1501 811 1566; x_wconf 91' lang='lat' dir='ltr'>quem</span> <span class='ocrx_word' id='word_1_100' title='bbox 834 1481 904 1565; x_wconf 88' lang='lat' dir='ltr'>ipse</span> <span class='ocrx_word' id='word_1_101' title='bbox 928 1481 1161 1546; x_wconf 81' lang='lat' dir='ltr'>fabricaueram</span> <span class='ocrx_word' id='word_1_102' title='bbox 1183 1480 1283 1545; x_wconf 89' lang='lat' dir='ltr'>risum</span> <span class='ocrx_word' id='word_1_103' title='bbox 1304 1476 1389 1542; x_wconf 91' lang='lat' dir='ltr'>obui-</span> 
     </span>
     <span class='ocr_line' id='line_1_13' title="bbox 228 1588 1391 1672; baseline -0.004 -17"><span class='ocrx_word' id='word_1_104' title='bbox 228 1612 316 1656; x_wconf 89' lang='lat' dir='ltr'>orum</span> <span class='ocrx_word' id='word_1_105' title='bbox 339 1591 620 1658; x_wconf 88' lang='lat' dir='ltr'>deolinanslateri</span> <span class='ocrx_word' id='word_1_106' title='bbox 643 1593 713 1658; x_wconf 86' lang='lat' dir='ltr'>eius</span> <span class='ocrx_word' id='word_1_107' title='bbox 728 1591 979 1656; x_wconf 86' lang='lat' dir='ltr'>adambulabam</span> <span class='ocrx_word' id='word_1_108' title='bbox 1002 1591 1155 1657; x_wconf 80' lang='lat' dir='ltr'>obtectus.</span> <span class='ocrx_word' id='word_1_109' title='bbox 1192 1609 1252 1654; x_wconf 88' lang='lat' dir='ltr'>neo</span> <span class='ocrx_word' id='word_1_110' title='bbox 1274 1588 1326 1672; x_wconf 95' lang='lat' dir='ltr'>qui</span> <span class='ocrx_word' id='word_1_111' title='bbox 1343 1588 1391 1650; x_wconf 93' lang='lat' dir='ltr'>la-</span> 
     </span>
     <span class='ocr_line' id='line_1_14' title="bbox 227 1693 1391 1786; baseline -0.006 -20"><span class='ocrx_word' id='word_1_112' title='bbox 227 1705 344 1782; x_wconf 89' lang='lat' dir='ltr'>uerim,</span> <span class='ocrx_word' id='word_1_113' title='bbox 374 1701 428 1786; x_wconf 92' lang='lat' dir='ltr'>qui</span> <span class='ocrx_word' id='word_1_114' title='bbox 450 1693 611 1784; x_wconf 56' lang='lat' dir='ltr'>ters&#39;erim,</span> <span class='ocrx_word' id='word_1_115' title='bbox 643 1703 698 1786; x_wconf 92' lang='lat' dir='ltr'>qui</span> <span class='ocrx_word' id='word_1_116' title='bbox 721 1701 849 1767; x_wconf 88' lang='lat' dir='ltr'>domum</span> <span class='ocrx_word' id='word_1_117' title='bbox 872 1723 999 1768; x_wconf 89' lang='lat' dir='ltr'>rursum</span> <span class='ocrx_word' id='word_1_118' title='bbox 1027 1701 1215 1767; x_wconf 90' lang='lat' dir='ltr'>reuerterim</span> <span class='ocrx_word' id='word_1_119' title='bbox 1238 1717 1315 1784; x_wconf 89' lang='lat' dir='ltr'>prae</span> <span class='ocrx_word' id='word_1_120' title='bbox 1341 1717 1391 1760; x_wconf 94' lang='lat' dir='ltr'>ru·</span> 
     </span>
     <span class='ocr_line' id='line_1_15' title="bbox 229 1807 1439 1894; baseline -0.007 -16"><span class='ocrx_word' id='word_1_121' title='bbox 229 1814 306 1879; x_wconf 90' lang='lat' dir='ltr'>bore</span> <span class='ocrx_word' id='word_1_122' title='bbox 328 1812 468 1878; x_wconf 91' lang='lat' dir='ltr'>memini.</span> <span class='ocrx_word' id='word_1_123' title='bbox 507 1813 715 1878; x_wconf 85' lang='lat' dir='ltr'>sioomnium</span> <span class='ocrx_word' id='word_1_124' title='bbox 746 1813 847 1879; x_wconf 85' lang='lat' dir='ltr'>oeulis</span> <span class='ocrx_word' id='word_1_125' title='bbox 868 1812 999 1878; x_wconf 89' lang='lat' dir='ltr'>nutibus</span> <span class='ocrx_word' id='word_1_126' title='bbox 1028 1831 1066 1876; x_wconf 89' lang='lat' dir='ltr'>ao</span> <span class='ocrx_word' id='word_1_127' title='bbox 1088 1809 1227 1894; x_wconf 90' lang='lat' dir='ltr'>denique</span> <span class='ocrx_word' id='word_1_128' title='bbox 1249 1807 1391 1874; x_wconf 88' lang='lat' dir='ltr'>manibus</span> <span class='ocrx_word' id='word_1_129' title='bbox 1405 1819 1439 1887; x_wconf 67' lang='grc' dir='ltr'>[ι’</span> 
     </span>
     <span class='ocr_line' id='line_1_16' title="bbox 229 1922 1425 2007; baseline -0.005 -18"><span class='ocrx_word' id='word_1_130' title='bbox 229 1923 399 1990; x_wconf 87' lang='lat' dir='ltr'>denotatus</span> <span class='ocrx_word' id='word_1_131' title='bbox 421 1923 515 2007; x_wconf 88' lang='lat' dir='ltr'>inpos</span> <span class='ocrx_word' id='word_1_132' title='bbox 537 1923 637 1987; x_wconf 91' lang='lat' dir='ltr'>animi</span> <span class='ocrx_word' id='word_1_133' title='bbox 660 1922 839 2007; x_wconf 90' lang='lat' dir='ltr'>stupebam.</span> <span class='ocrx_word' id='word_1_134' title='bbox 1276 1981 1279 1984; x_wconf 21' lang='lat'><strong>⁴</strong></span> <span class='ocrx_word' id='word_1_135' title='bbox 1407 1926 1425 1973; x_wconf 74' lang='lat' dir='ltr'>b</span> 
     </span>
    </p>

    <p class='ocr_par' dir='ltr' id='par_1_4' title="bbox 129 2026 1425 3461">
     <span class='ocr_line' id='line_1_17' title="bbox 129 2026 1390 2118; baseline -0.007 -19"><span class='ocrx_word' id='word_1_136' title='bbox 129 2026 209 2090; x_wconf 78' lang='lat' dir='ltr'>XIII</span> <span class='ocrx_word' id='word_1_137' title='bbox 314 2033 443 2118; x_wconf 86' lang='lat' dir='ltr'>Raptim</span> <span class='ocrx_word' id='word_1_138' title='bbox 467 2032 606 2116; x_wconf 89' lang='lat' dir='ltr'>denique</span> <span class='ocrx_word' id='word_1_139' title='bbox 629 2034 822 2118; x_wconf 86' lang='lat' dir='ltr'>paupertina</span> <span class='ocrx_word' id='word_1_140' title='bbox 837 2032 966 2099; x_wconf 90' lang='lat' dir='ltr'>Milonis</span> <span class='ocrx_word' id='word_1_141' title='bbox 988 2033 1103 2097; x_wconf 89' lang='lat' dir='ltr'>oenula</span> <span class='ocrx_word' id='word_1_142' title='bbox 1117 2032 1303 2116; x_wconf 86' lang='lat' dir='ltr'>perlunotus</span> <span class='ocrx_word' id='word_1_143' title='bbox 1323 2048 1390 2093; x_wconf 62' lang='lat' dir='ltr'>eana</span> 
     </span>
     <span class='ocr_line' id='line_1_18' title="bbox 230 2137 1390 2229; baseline -0.009 -18"><span class='ocrx_word' id='word_1_144' title='bbox 230 2153 383 2229; x_wconf 88' lang='lat' dir='ltr'>satusque</span> <span class='ocrx_word' id='word_1_145' title='bbox 406 2143 520 2228; x_wconf 89' lang='lat' dir='ltr'>oapitis</span> <span class='ocrx_word' id='word_1_146' title='bbox 544 2163 649 2228; x_wconf 84' lang='lat' dir='ltr'>aorem</span> <span class='ocrx_word' id='word_1_147' title='bbox 674 2142 832 2226; x_wconf 91' lang='lat' dir='ltr'>dolorem,</span> <span class='ocrx_word' id='word_1_148' title='bbox 863 2163 958 2228; x_wconf 92' lang='lat' dir='ltr'>quem</span> <span class='ocrx_word' id='word_1_149' title='bbox 985 2141 1065 2207; x_wconf 92' lang='lat' dir='ltr'>mihi</span> <span class='ocrx_word' id='word_1_150' title='bbox 1088 2142 1292 2207; x_wconf 78' lang='lat' dir='ltr'>lacrimarum</span> <span class='ocrx_word' id='word_1_151' title='bbox 1313 2137 1390 2204; x_wconf 90' lang='lat' dir='ltr'>adsi-</span> 
     </span>
     <span class='ocr_line' id='line_1_19' title="bbox 229 2248 1390 2330; baseline -0.005 -12"><span class='ocrx_word' id='word_1_152' title='bbox 229 2253 336 2320; x_wconf 85' lang='lat' dir='ltr'>duitas</span> <span class='ocrx_word' id='word_1_153' title='bbox 357 2253 550 2330; x_wconf 86' lang='lat' dir='ltr'>inousserat,</span> <span class='ocrx_word' id='word_1_154' title='bbox 581 2253 720 2320; x_wconf 88' lang='lat' dir='ltr'>oonoedo</span> <span class='ocrx_word' id='word_1_155' title='bbox 744 2254 885 2319; x_wconf 82' lang='lat' dir='ltr'>cubitum</span> <span class='ocrx_word' id='word_1_156' title='bbox 915 2254 1013 2319; x_wconf 90' lang='lat' dir='ltr'>uenia</span> <span class='ocrx_word' id='word_1_157' title='bbox 1033 2252 1128 2318; x_wconf 83' lang='lat' dir='ltr'>faoile</span> <span class='ocrx_word' id='word_1_158' title='bbox 1149 2251 1270 2317; x_wconf 86' lang='lat' dir='ltr'>tributa</span> <span class='ocrx_word' id='word_1_159' title='bbox 1291 2257 1323 2316; x_wconf 91' lang='lat' dir='ltr'>et</span> <span class='ocrx_word' id='word_1_160' title='bbox 1342 2248 1390 2312; x_wconf 91' lang='lat' dir='ltr'>ab·</span> 
     </span>
     <span class='ocr_line' id='line_1_20' title="bbox 228 2363 1388 2448; baseline -0.003 -20"><span class='ocrx_word' id='word_1_161' title='bbox 228 2365 330 2430; x_wconf 90' lang='lat' dir='ltr'>ieotus</span> <span class='ocrx_word' id='word_1_162' title='bbox 370 2364 404 2428; x_wconf 92' lang='lat' dir='ltr'>in</span> <span class='ocrx_word' id='word_1_163' title='bbox 435 2364 551 2429; x_wconf 85' lang='lat' dir='ltr'>lectulo</span> <span class='ocrx_word' id='word_1_164' title='bbox 584 2383 655 2429; x_wconf 93' lang='lat' dir='ltr'>meo</span> <span class='ocrx_word' id='word_1_165' title='bbox 696 2383 779 2448; x_wconf 86' lang='lat' dir='ltr'>quae</span> <span class='ocrx_word' id='word_1_166' title='bbox 810 2372 904 2448; x_wconf 81' lang='lat' dir='ltr'>gesta</span> <span class='ocrx_word' id='word_1_167' title='bbox 936 2364 1062 2430; x_wconf 84' lang='lat' dir='ltr'>fuerant</span> <span class='ocrx_word' id='word_1_168' title='bbox 1095 2363 1224 2447; x_wconf 82' lang='lat' dir='ltr'>singula</span> <span class='ocrx_word' id='word_1_169' title='bbox 1257 2367 1388 2427; x_wconf 90' lang='lat' dir='ltr'>maestus</span> 
     </span>
     <span class='ocr_line' id='line_1_21' title="bbox 230 2472 1425 2559; baseline -0.004 -20"><span class='ocrx_word' id='word_1_170' title='bbox 230 2474 439 2554; x_wconf 85' lang='lat' dir='ltr'>reeordabar,</span> <span class='ocrx_word' id='word_1_171' title='bbox 472 2474 578 2559; x_wconf 90' lang='lat' dir='ltr'>quoad</span> <span class='ocrx_word' id='word_1_172' title='bbox 609 2475 740 2541; x_wconf 91' lang='lat' dir='ltr'>tandem</span> <span class='ocrx_word' id='word_1_173' title='bbox 770 2476 859 2542; x_wconf 85' lang='lat' dir='ltr'>Fotis</span> <span class='ocrx_word' id='word_1_174' title='bbox 892 2495 965 2541; x_wconf 93' lang='lat' dir='ltr'>mea</span> <span class='ocrx_word' id='word_1_175' title='bbox 997 2475 1146 2540; x_wconf 88' lang='lat' dir='ltr'>dominae</span> <span class='ocrx_word' id='word_1_176' title='bbox 1180 2494 1258 2540; x_wconf 89' lang='lat' dir='ltr'>suae</span> <span class='ocrx_word' id='word_1_177' title='bbox 1291 2472 1389 2537; x_wconf 85' lang='lat' dir='ltr'>eubitu</span> <span class='ocrx_word' id='word_1_178' title='bbox 1403 2479 1425 2527; x_wconf 68' lang='lat' dir='ltr'>ll</span> 
     </span>
     <span class='ocr_line' id='line_1_22' title="bbox 229 2574 1389 2671; baseline -0.005 -22"><span class='ocrx_word' id='word_1_179' title='bbox 229 2593 398 2671; x_wconf 86' lang='lat' dir='ltr'>procurato</span> <span class='ocrx_word' id='word_1_180' title='bbox 427 2586 476 2651; x_wconf 91' lang='lat' dir='ltr'>sui</span> <span class='ocrx_word' id='word_1_181' title='bbox 506 2587 602 2669; x_wconf 81' lang='lat' dir='ltr'>longe</span> <span class='ocrx_word' id='word_1_182' title='bbox 624 2584 793 2653; x_wconf 88' lang='lat' dir='ltr'>dissimilis</span> <span class='ocrx_word' id='word_1_183' title='bbox 816 2586 948 2652; x_wconf 90' lang='lat' dir='ltr'>aduenit</span> <span class='ocrx_word' id='word_1_184' title='bbox 982 2587 1097 2652; x_wconf 89' lang='lat' dir='ltr'>nolens</span> <span class='ocrx_word' id='word_1_185' title='bbox 1118 2605 1178 2652; x_wconf 90' lang='lat' dir='ltr'>neo</span> <span class='ocrx_word' id='word_1_186' title='bbox 1209 2585 1297 2650; x_wconf 88' lang='lat' dir='ltr'>laeta</span> <span class='ocrx_word' id='word_1_187' title='bbox 1316 2574 1389 2647; x_wconf 80' lang='lat' dir='ltr'>faeie</span> 
     </span>
     <span class='ocr_line' id='line_1_23' title="bbox 229 2694 1389 2780; baseline -0.006 -19"><span class='ocrx_word' id='word_1_188' title='bbox 229 2714 289 2762; x_wconf 88' lang='lat' dir='ltr'>neo</span> <span class='ocrx_word' id='word_1_189' title='bbox 312 2716 458 2762; x_wconf 89' lang='lat' dir='ltr'>sermone</span> <span class='ocrx_word' id='word_1_190' title='bbox 486 2694 630 2763; x_wconf 87' lang='lat' dir='ltr'>dioaoulo</span> <span class='ocrx_word' id='word_1_191' title='bbox 660 2695 718 2763; x_wconf 90' lang='lat' dir='ltr'>sed</span> <span class='ocrx_word' id='word_1_192' title='bbox 745 2697 927 2763; x_wconf 88' lang='lat' dir='ltr'>uultuosam</span> <span class='ocrx_word' id='word_1_193' title='bbox 955 2697 1091 2762; x_wconf 84' lang='lat' dir='ltr'>frontem</span> <span class='ocrx_word' id='word_1_194' title='bbox 1120 2697 1209 2780; x_wconf 80' lang='lat' dir='ltr'>rugis</span> <span class='ocrx_word' id='word_1_195' title='bbox 1231 2696 1389 2777; x_wconf 81' lang='lat' dir='ltr'>insurgen-</span> 
     </span>
     <span class='ocr_line' id='line_1_24' title="bbox 229 2806 1389 2891; baseline -0.007 -20"><span class='ocrx_word' id='word_1_196' title='bbox 229 2807 314 2873; x_wconf 85' lang='lat' dir='ltr'>tibus</span> <span class='ocrx_word' id='word_1_197' title='bbox 337 2806 560 2873; x_wconf 87' lang='lat' dir='ltr'>adseuerabat.</span> <span class='ocrx_word' id='word_1_198' title='bbox 597 2813 783 2873; x_wconf 85' lang='lat' dir='ltr'>eunotanter</span> <span class='ocrx_word' id='word_1_199' title='bbox 805 2827 843 2872; x_wconf 89' lang='lat' dir='ltr'>ao</span> <span class='ocrx_word' id='word_1_200' title='bbox 864 2806 977 2873; x_wconf 90' lang='lat' dir='ltr'>timide</span> <span class='ocrx_word' id='word_1_201' title='bbox 1000 2806 1137 2891; x_wconf 90' lang='lat' dir='ltr'>denique</span> <span class='ocrx_word' id='word_1_202' title='bbox 1162 2823 1307 2872; x_wconf 90' lang='lat' dir='ltr'>sermone</span> <span class='ocrx_word' id='word_1_203' title='bbox 1326 2821 1389 2885; x_wconf 93' lang='lat' dir='ltr'>pro-</span> 
     </span>
     <span class='ocr_line' id='line_1_25' title="bbox 229 2909 1388 3003; baseline -0.008 -21"><span class='ocrx_word' id='word_1_204' title='bbox 229 2918 295 2983; x_wconf 83' lang='lat' dir='ltr'>lato</span> <span class='ocrx_word' id='word_1_205' title='bbox 314 2909 401 3001; x_wconf 82' lang='lat' dir='ltr'>‘ego&#39;</span> <span class='ocrx_word' id='word_1_206' title='bbox 432 2918 535 3003; x_wconf 88' lang='lat' dir='ltr'>inquit</span> <span class='ocrx_word' id='word_1_207' title='bbox 560 2910 648 3002; x_wconf 89' lang='lat' dir='ltr'>‘ipsa</span> <span class='ocrx_word' id='word_1_208' title='bbox 670 2918 823 2983; x_wconf 85' lang='lat' dir='ltr'>confiteor</span> <span class='ocrx_word' id='word_1_209' title='bbox 845 2919 927 2983; x_wconf 92' lang='lat' dir='ltr'>ultro</span> <span class='ocrx_word' id='word_1_210' title='bbox 950 2937 1010 3001; x_wconf 85' lang='lat' dir='ltr'>ego</span> <span class='ocrx_word' id='word_1_211' title='bbox 1032 2917 1090 2982; x_wconf 90' lang='lat' dir='ltr'>tibi</span> <span class='ocrx_word' id='word_1_212' title='bbox 1112 2916 1207 2983; x_wconf 91' lang='lat' dir='ltr'>buius</span> <span class='ocrx_word' id='word_1_213' title='bbox 1230 2914 1388 2981; x_wconf 86' lang='lat' dir='ltr'>molestiae</span> 
     </span>
     <span class='ocr_line' id='line_1_26' title="bbox 230 3020 1423 3112; baseline -0.008 -23"><span class='ocrx_word' id='word_1_214' title='bbox 230 3050 322 3091; x_wconf 80' lang='lat' dir='ltr'>eausa</span> <span class='ocrx_word' id='word_1_215' title='bbox 344 3020 402 3093; x_wconf 78' lang='lat' dir='ltr'>fui&#39;</span> <span class='ocrx_word' id='word_1_216' title='bbox 435 3035 467 3094; x_wconf 91' lang='lat' dir='ltr'>et</span> <span class='ocrx_word' id='word_1_217' title='bbox 494 3047 565 3092; x_wconf 90' lang='lat' dir='ltr'>oum</span> <span class='ocrx_word' id='word_1_218' title='bbox 595 3026 678 3093; x_wconf 90' lang='lat' dir='ltr'>dioto</span> <span class='ocrx_word' id='word_1_219' title='bbox 707 3028 809 3093; x_wconf 92' lang='lat' dir='ltr'>lorum</span> <span class='ocrx_word' id='word_1_220' title='bbox 839 3029 1022 3112; x_wconf 91' lang='lat' dir='ltr'>quempiam</span> <span class='ocrx_word' id='word_1_221' title='bbox 1050 3028 1123 3093; x_wconf 91' lang='lat' dir='ltr'>sinu</span> <span class='ocrx_word' id='word_1_222' title='bbox 1152 3047 1210 3093; x_wconf 94' lang='lat' dir='ltr'>suo</span> <span class='ocrx_word' id='word_1_223' title='bbox 1240 3022 1388 3110; x_wconf 92' lang='lat' dir='ltr'>depromit</span> <span class='ocrx_word' id='word_1_224' title='bbox 1402 3031 1423 3079; x_wconf 69' lang='lat' dir='ltr'>u</span> 
     </span>
     <span class='ocr_line' id='line_1_27' title="bbox 229 3130 1387 3224; baseline -0.005 -23"><span class='ocrx_word' id='word_1_225' title='bbox 229 3138 371 3222; x_wconf 88' lang='lat' dir='ltr'>mihique</span> <span class='ocrx_word' id='word_1_226' title='bbox 385 3132 667 3224; x_wconf 81' lang='lat' dir='ltr'>porrigans‘oape’</span> <span class='ocrx_word' id='word_1_227' title='bbox 681 3139 785 3223; x_wconf 93' lang='lat' dir='ltr'>inquit</span> <span class='ocrx_word' id='word_1_228' title='bbox 796 3132 864 3203; x_wconf 93' lang='lat' dir='ltr'>‘oro</span> <span class='ocrx_word' id='word_1_229' title='bbox 884 3146 925 3221; x_wconf 89' lang='lat' dir='ltr'>te,</span> <span class='ocrx_word' id='word_1_230' title='bbox 944 3138 985 3203; x_wconf 90' lang='lat' dir='ltr'>de</span> <span class='ocrx_word' id='word_1_231' title='bbox 1001 3137 1127 3223; x_wconf 91' lang='lat' dir='ltr'>perfida</span> <span class='ocrx_word' id='word_1_232' title='bbox 1138 3137 1274 3202; x_wconf 91' lang='lat' dir='ltr'>muliere</span> <span class='ocrx_word' id='word_1_233' title='bbox 1294 3130 1387 3199; x_wconf 88' lang='lat' dir='ltr'>uindi-</span> 
     </span>
     <span class='ocr_line' id='line_1_28' title="bbox 229 3248 1387 3333; baseline -0.006 -22"><span class='ocrx_word' id='word_1_234' title='bbox 229 3256 321 3331; x_wconf 85' lang='lat' dir='ltr'>otam,</span> <span class='ocrx_word' id='word_1_235' title='bbox 337 3248 433 3313; x_wconf 88' lang='lat' dir='ltr'>immo</span> <span class='ocrx_word' id='word_1_236' title='bbox 445 3269 522 3313; x_wconf 91' lang='lat' dir='ltr'>uero</span> <span class='ocrx_word' id='word_1_237' title='bbox 537 3248 612 3315; x_wconf 84' lang='lat' dir='ltr'>lieet</span> <span class='ocrx_word' id='word_1_238' title='bbox 626 3250 729 3315; x_wconf 88' lang='lat' dir='ltr'>maius</span> <span class='ocrx_word' id='word_1_239' title='bbox 742 3249 879 3333; x_wconf 93' lang='lat' dir='ltr'>quoduis</span> <span class='ocrx_word' id='word_1_240' title='bbox 892 3250 1083 3333; x_wconf 90' lang='lat' dir='ltr'>supplioium</span> <span class='ocrx_word' id='word_1_241' title='bbox 1096 3268 1196 3315; x_wconf 91' lang='lat' dir='ltr'>sume.</span> <span class='ocrx_word' id='word_1_242' title='bbox 1217 3267 1278 3313; x_wconf 89' lang='lat' dir='ltr'>neo</span> <span class='ocrx_word' id='word_1_243' title='bbox 1291 3253 1387 3310; x_wconf 89' lang='lat' dir='ltr'>tamen</span> 
     </span>
     <span class='ocr_line' id='line_1_29' title="bbox 229 3350 1387 3461; baseline 0 -40"><span class='ocrx_word' id='word_1_244' title='bbox 229 3378 280 3423; x_wconf 92' lang='lat' dir='ltr'>me</span> <span class='ocrx_word' id='word_1_245' title='bbox 309 3363 418 3442; x_wconf 88' lang='lat' dir='ltr'>putes,</span> <span class='ocrx_word' id='word_1_246' title='bbox 434 3378 519 3461; x_wconf 78' lang='lat' dir='ltr'>¹oro,</span> <span class='ocrx_word' id='word_1_247' title='bbox 541 3352 667 3444; x_wconf 55' lang='lat' dir='ltr'>&#39;sponte</span> <span class='ocrx_word' id='word_1_248' title='bbox 696 3380 849 3443; x_wconf 82' lang='lat' dir='ltr'>angorem</span> <span class='ocrx_word' id='word_1_249' title='bbox 878 3361 973 3426; x_wconf 91' lang='lat' dir='ltr'>istum</span> <span class='ocrx_word' id='word_1_250' title='bbox 1007 3359 1067 3423; x_wconf 91' lang='lat' dir='ltr'>tibi</span> <span class='ocrx_word' id='word_1_251' title='bbox 1082 3368 1085 3373; x_wconf 83' lang='lat'>&#39;</span> <span class='ocrx_word' id='word_1_252' title='bbox 1100 3358 1321 3424; x_wconf 89' lang='lat' dir='ltr'>oonoinnasse.</span> <span class='ocrx_word' id='word_1_253' title='bbox 1360 3350 1387 3415; x_wconf 83' lang='lat' dir='ltr'>di</span> 
     </span>
    </p>
   </div>
   <div class='ocr_carea' id='block_1_3' title="bbox 229 3655 1391 3825">
    <p class='ocr_par' dir='ltr' id='par_1_5' title="bbox 229 3655 1391 3825">
     <span class='ocr_line' id='line_1_30' title="bbox 299 3655 1391 3732; baseline -0.005 -17"><span class='ocrx_word' id='word_1_254' title='bbox 299 3664 424 3731; x_wconf 85' lang='lat' dir='ltr'>lparenl</span> <span class='ocrx_word' id='word_1_255' title='bbox 447 3662 477 3715; x_wconf 79' lang='lat' dir='ltr'>m·</span> <span class='ocrx_word' id='word_1_256' title='bbox 497 3661 585 3732; x_wconf 83' lang='lat' dir='ltr'>fallor</span> <span class='ocrx_word' id='word_1_257' title='bbox 613 3678 683 3717; x_wconf 80' lang='lat' dir='ltr'>corr.</span> <span class='ocrx_word' id='word_1_258' title='bbox 709 3679 746 3717; x_wconf 80' lang='lat' dir='ltr'>ar</span> <span class='ocrx_word' id='word_1_259' title='bbox 775 3662 870 3730; x_wconf 78' lang='lat' dir='ltr'>potent</span> <span class='ocrx_word' id='word_1_260' title='bbox 892 3663 920 3714; x_wconf 77' lang='lat' dir='ltr'>ia</span> <span class='ocrx_word' id='word_1_261' title='bbox 938 3660 974 3726; x_wconf 99' lang='lat' dir='ltr'>F,</span> <span class='ocrx_word' id='word_1_262' title='bbox 999 3661 1095 3731; x_wconf 80' lang='lat' dir='ltr'>parens</span> <span class='ocrx_word' id='word_1_263' title='bbox 1117 3680 1136 3729; x_wconf 80' lang='grc' dir='ltr'><strong><em>φ</em></strong></span> <span class='ocrx_word' id='word_1_264' title='bbox 1217 3655 1391 3730; x_wconf 85' lang='lat' dir='ltr'>byrrhenaF</span> 
     </span>
     <span class='ocr_line' id='line_1_31' title="bbox 229 3748 1385 3825; baseline -0.003 -18"><span class='ocrx_word' id='word_1_265' title='bbox 229 3758 244 3807; x_wconf 84' lang='grc'>4</span> <span class='ocrx_word' id='word_1_266' title='bbox 262 3770 359 3823; x_wconf 89' lang='lat' dir='ltr'>parens</span> <span class='ocrx_word' id='word_1_267' title='bbox 378 3756 473 3821; x_wconf 70' lang='lat' dir='ltr'>(lateat,</span> <span class='ocrx_word' id='word_1_268' title='bbox 491 3755 609 3825; x_wconf 89' lang='lat' dir='ltr'>parentis</span> <span class='ocrx_word' id='word_1_269' title='bbox 626 3756 700 3809; x_wconf 81' lang='lat' dir='ltr'>iustis</span> <span class='ocrx_word' id='word_1_270' title='bbox 724 3754 775 3824; x_wconf 92' lang='lat' dir='ltr'>piis</span> <span class='ocrx_word' id='word_1_271' title='bbox 792 3755 906 3809; x_wconf 79' lang='lat' dir='ltr'>coniecit</span> <span class='ocrx_word' id='word_1_272' title='bbox 925 3754 1134 3825; x_wconf 72' lang='lat' dir='ltr'>ooomdorpias</span> <span class='ocrx_word' id='word_1_273' title='bbox 1219 3759 1234 3806; x_wconf 81' lang='lat'>5</span> <span class='ocrx_word' id='word_1_274' title='bbox 1253 3754 1333 3806; x_wconf 83' lang='lat' dir='ltr'>milon</span> <span class='ocrx_word' id='word_1_275' title='bbox 1348 3748 1385 3816; x_wconf 69' lang='lat' dir='ltr'>Fr&gt;</span> 
     </span>
    </p>
   </div>
   <div class='ocr_carea' id='block_1_4' title="bbox 229 3846 1385 3966">
    <p class='ocr_par' dir='ltr' id='par_1_6' title="bbox 229 3846 1385 3966">
     <span class='ocr_line' id='line_1_32' title="bbox 229 3846 1385 3966; baseline 0.001 -69"><span class='ocrx_word' id='word_1_276' title='bbox 229 3852 271 3899; x_wconf 75' lang='grc' dir='ltr'>τ.</span> <span class='ocrx_word' id='word_1_277' title='bbox 283 3864 339 3966; x_wconf 50' lang='lat' dir='ltr'>queo</span> <span class='ocrx_word' id='word_1_278' title='bbox 365 3864 406 3903; x_wconf 90' lang='lat' dir='ltr'>me</span> <span class='ocrx_word' id='word_1_279' title='bbox 433 3866 495 3921; x_wconf 73' lang='lat' dir='ltr'>ipro</span> <span class='ocrx_word' id='word_1_280' title='bbox 513 3867 531 3903; x_wconf 91' lang='lat' dir='ltr'>n</span> <span class='ocrx_word' id='word_1_281' title='bbox 557 3849 611 3903; x_wconf 77' lang='lat' dir='ltr'>aid.</span> <span class='ocrx_word' id='word_1_282' title='bbox 635 3848 736 3957; x_wconf 48' lang='lat' dir='ltr'>fuiss&lt;</span> <span class='ocrx_word' id='word_1_283' title='bbox 750 3855 786 3906; x_wconf 88' lang='lat' dir='ltr'>ml</span> <span class='ocrx_word' id='word_1_284' title='bbox 805 3848 833 3901; x_wconf 93' lang='lat' dir='ltr'><strong><em>F</em></strong></span> <span class='ocrx_word' id='word_1_285' title='bbox 930 3849 1026 3902; x_wconf 72' lang='lat' dir='ltr'>bmrlo</span> <span class='ocrx_word' id='word_1_286' title='bbox 1045 3879 1055 3899; x_wconf 66' lang='grc' dir='ltr'>ι</span> <span class='ocrx_word' id='word_1_287' title='bbox 1072 3848 1138 3917; x_wconf 77' lang='lat' dir='ltr'>(soit</span> <span class='ocrx_word' id='word_1_288' title='bbox 1164 3853 1191 3901; x_wconf 86' lang='lat' dir='ltr'>nl</span> <span class='ocrx_word' id='word_1_289' title='bbox 1219 3847 1252 3912; x_wconf 93' lang='lat' dir='ltr'>F,</span> <span class='ocrx_word' id='word_1_290' title='bbox 1277 3846 1385 3910; x_wconf 64' lang='lat' dir='ltr'>milone</span> 
     </span>
    </p>
   </div>
   <div class='ocr_carea' id='block_1_5' title="bbox 231 3935 1384 4077">
    <p class='ocr_par' dir='ltr' id='par_1_7' title="bbox 231 3935 1384 4077">
     <span class='ocr_line' id='line_1_33' title="bbox 231 3935 1384 4075; baseline -0.006 -55"><span class='ocrx_word' id='word_1_291' title='bbox 231 3972 260 4020; x_wconf 83' lang='lat'>18</span> <span class='ocrx_word' id='word_1_292' title='bbox 280 3964 372 4023; x_wconf 81' lang='lat' dir='ltr'>cubitu</span> <span class='ocrx_word' id='word_1_293' title='bbox 399 3983 479 4023; x_wconf 80' lang='lat' dir='ltr'>uenia</span> <span class='ocrx_word' id='word_1_294' title='bbox 512 3968 591 4023; x_wconf 84' lang='lat' dir='ltr'>faede</span> <span class='ocrx_word' id='word_1_295' title='bbox 624 3935 732 4022; x_wconf 44' lang='lat' dir='ltr'>tributa*</span> <span class='ocrx_word' id='word_1_296' title='bbox 757 3966 839 4075; x_wconf 66' lang='lat' dir='ltr'>ooeqo</span> <span class='ocrx_word' id='word_1_297' title='bbox 858 3967 886 4020; x_wconf 96' lang='lat' dir='ltr'><strong><em>F</em></strong></span> <span class='ocrx_word' id='word_1_298' title='bbox 967 3972 995 4019; x_wconf 73' lang='lat'>21</span> <span class='ocrx_word' id='word_1_299' title='bbox 1017 3968 1110 4021; x_wconf 91' lang='lat' dir='ltr'>nolens</span> <span class='ocrx_word' id='word_1_300' title='bbox 1127 3981 1178 4021; x_wconf 89' lang='lat' dir='ltr'>neo</span> <span class='ocrx_word' id='word_1_301' title='bbox 1195 3966 1268 4021; x_wconf 86' lang='lat' dir='ltr'>laeta</span> <span class='ocrx_word' id='word_1_302' title='bbox 1282 3960 1384 4033; x_wconf 74' lang='lat' dir='ltr'>serapti:</span> 
     </span>
     <span class='ocr_line' id='line_1_34' title="bbox 796 4048 835 4077; baseline -0.051 0"><span class='ocrx_word' id='word_1_303' title='bbox 796 4048 808 4077; x_wconf 78' lang='grc' dir='ltr'><strong>Θ</strong></span> <span class='ocrx_word' id='word_1_304' title='bbox 825 4048 835 4075; x_wconf 78' lang='lat' dir='ltr'>S</span> 
     </span>
    </p>
   </div>
   <div class='ocr_carea' id='block_1_6' title="bbox 227 4084 1385 4435">
    <p class='ocr_par' dir='ltr' id='par_1_8' title="bbox 227 4084 1385 4435">
     <span class='ocr_line' id='line_1_35' title="bbox 227 4084 1384 4159; baseline 0.003 -20"><span class='ocrx_word' id='word_1_305' title='bbox 227 4084 338 4140; x_wconf 82' lang='lat' dir='ltr'>Nouenl</span> <span class='ocrx_word' id='word_1_306' title='bbox 352 4087 416 4155; x_wconf 75' lang='lat' dir='ltr'>leta,</span> <span class='ocrx_word' id='word_1_307' title='bbox 434 4086 496 4141; x_wconf 85' lang='lat' dir='ltr'>add.</span> <span class='ocrx_word' id='word_1_308' title='bbox 515 4088 550 4140; x_wconf 81' lang='lat' dir='ltr'>ia.</span> <span class='ocrx_word' id='word_1_309' title='bbox 579 4104 665 4159; x_wconf 77' lang='lat' dir='ltr'>marq.</span> <span class='ocrx_word' id='word_1_310' title='bbox 686 4088 710 4140; x_wconf 92' lang='lat' dir='ltr'>.l.</span> <span class='ocrx_word' id='word_1_311' title='bbox 729 4086 761 4150; x_wconf 90' lang='lat' dir='ltr'>F,</span> <span class='ocrx_word' id='word_1_312' title='bbox 775 4086 878 4140; x_wconf 85' lang='lat' dir='ltr'>noleta</span> <span class='ocrx_word' id='word_1_313' title='bbox 902 4106 921 4155; x_wconf 75' lang='grc' dir='ltr'><em>φ</em></span> <span class='ocrx_word' id='word_1_314' title='bbox 1016 4090 1049 4139; x_wconf 79' lang='lat'>24</span> <span class='ocrx_word' id='word_1_315' title='bbox 1077 4093 1150 4157; x_wconf 80' lang='lat' dir='ltr'>(post</span> <span class='ocrx_word' id='word_1_316' title='bbox 1175 4086 1290 4153; x_wconf 85' lang='lat' dir='ltr'>prolatol</span> <span class='ocrx_word' id='word_1_317' title='bbox 1313 4114 1323 4133; x_wconf 64' lang='grc' dir='ltr'>ι</span> <span class='ocrx_word' id='word_1_318' title='bbox 1344 4092 1384 4147; x_wconf 68' lang='grc' dir='ltr'>θὲθ</span> 
     </span>
     <span class='ocr_line' id='line_1_36' title="bbox 229 4175 1384 4250; baseline -0.001 -18"><span class='ocrx_word' id='word_1_319' title='bbox 229 4184 327 4250; x_wconf 81' lang='lat' dir='ltr'>(potest</span> <span class='ocrx_word' id='word_1_320' title='bbox 348 4180 437 4249; x_wconf 77' lang='lat' dir='ltr'>saissa</span> <span class='ocrx_word' id='word_1_321' title='bbox 462 4186 543 4235; x_wconf 81' lang='lat' dir='ltr'>aaut</span> <span class='ocrx_word' id='word_1_322' title='bbox 560 4180 591 4235; x_wconf 77' lang='lat' dir='ltr'>&amp;r</span> <span class='ocrx_word' id='word_1_323' title='bbox 611 4181 713 4247; x_wconf 84' lang='lat' dir='ltr'>F,ego</span> <span class='ocrx_word' id='word_1_324' title='bbox 733 4199 753 4249; x_wconf 78' lang='grc' dir='ltr'><em>φ</em></span> <span class='ocrx_word' id='word_1_325' title='bbox 839 4184 872 4233; x_wconf 75' lang='lat'>25</span> <span class='ocrx_word' id='word_1_326' title='bbox 892 4180 971 4234; x_wconf 85' lang='lat' dir='ltr'>caula</span> <span class='ocrx_word' id='word_1_327' title='bbox 988 4197 1039 4233; x_wconf 87' lang='lat' dir='ltr'>om.</span> <span class='ocrx_word' id='word_1_328' title='bbox 1058 4178 1111 4249; x_wconf 62' lang='lat' dir='ltr'>Fe,</span> <span class='ocrx_word' id='word_1_329' title='bbox 1130 4177 1192 4232; x_wconf 84' lang='lat' dir='ltr'>add.</span> <span class='ocrx_word' id='word_1_330' title='bbox 1209 4177 1294 4249; x_wconf 75' lang='lat' dir='ltr'>aalqo</span> <span class='ocrx_word' id='word_1_331' title='bbox 1358 4175 1384 4224; x_wconf 83' lang='grc'>26</span> 
     </span>
     <span class='ocr_line' id='line_1_37' title="bbox 229 4269 1385 4343; baseline -0.005 -18"><span class='ocrx_word' id='word_1_332' title='bbox 229 4271 261 4325; x_wconf 90' lang='lat' dir='ltr'>de</span> <span class='ocrx_word' id='word_1_333' title='bbox 279 4273 377 4343; x_wconf 71' lang='lat' dir='ltr'>sculpo:</span> <span class='ocrx_word' id='word_1_334' title='bbox 396 4271 419 4325; x_wconf 80' lang='lat' dir='ltr'>dr</span> <span class='ocrx_word' id='word_1_335' title='bbox 437 4272 481 4342; x_wconf 69' lang='lat' dir='ltr'>Fp</span> <span class='ocrx_word' id='word_1_336' title='bbox 550 4277 582 4327; x_wconf 78' lang='lat'>28</span> <span class='ocrx_word' id='word_1_337' title='bbox 601 4273 637 4343; x_wconf 89' lang='lat' dir='ltr'>di]</span> <span class='ocrx_word' id='word_1_338' title='bbox 656 4274 692 4326; x_wconf 83' lang='lat' dir='ltr'>du</span> <span class='ocrx_word' id='word_1_339' title='bbox 710 4273 754 4342; x_wconf 76' lang='lat' dir='ltr'>Fp</span> <span class='ocrx_word' id='word_1_340' title='bbox 774 4272 831 4325; x_wconf 67' lang='lat' dir='ltr'>ised</span> <span class='ocrx_word' id='word_1_341' title='bbox 847 4274 874 4325; x_wconf 79' lang='lat' dir='ltr'>ia</span> <span class='ocrx_word' id='word_1_342' title='bbox 893 4272 921 4325; x_wconf 88' lang='lat' dir='ltr'><strong><em>F</em></strong></span> <span class='ocrx_word' id='word_1_343' title='bbox 932 4274 1071 4343; x_wconf 66' lang='lat' dir='ltr'>scriptura</span> <span class='ocrx_word' id='word_1_344' title='bbox 1082 4273 1223 4343; x_wconf 80' lang='lat' dir='ltr'>primaria</span> <span class='ocrx_word' id='word_1_345' title='bbox 1240 4269 1385 4326; x_wconf 77' lang='lat' dir='ltr'>delitescens</span> 
     </span>
     <span class='ocr_line' id='line_1_38' title="bbox 229 4364 1288 4435; baseline 0.004 -19"><span class='ocrx_word' id='word_1_346' title='bbox 229 4382 247 4416; x_wconf 87' lang='lat' dir='ltr'>a</span> <span class='ocrx_word' id='word_1_347' title='bbox 263 4364 382 4417; x_wconf 77' lang='lat' dir='ltr'>arcuada</span> <span class='ocrx_word' id='word_1_348' title='bbox 399 4381 481 4418; x_wconf 79' lang='lat' dir='ltr'>meaa</span> <span class='ocrx_word' id='word_1_349' title='bbox 498 4365 593 4435; x_wconf 73' lang='lat' dir='ltr'>relicta</span> <span class='ocrx_word' id='word_1_350' title='bbox 610 4371 636 4419; x_wconf 83' lang='lat' dir='ltr'>et</span> <span class='ocrx_word' id='word_1_351' title='bbox 653 4366 686 4420; x_wconf 84' lang='lat' dir='ltr'>ab</span> <span class='ocrx_word' id='word_1_352' title='bbox 704 4364 797 4418; x_wconf 75' lang='lat' dir='ltr'>eadem</span> <span class='ocrx_word' id='word_1_353' title='bbox 815 4366 845 4417; x_wconf 79' lang='lat' dir='ltr'>ai</span> <span class='ocrx_word' id='word_1_354' title='bbox 858 4364 1064 4433; x_wconf 74' lang='lat' dir='ltr'>sollor‘lineolo</span> <span class='ocrx_word' id='word_1_355' title='bbox 1080 4364 1177 4419; x_wconf 75' lang='lat' dir='ltr'>addito</span> <span class='ocrx_word' id='word_1_356' title='bbox 1194 4369 1242 4421; x_wconf 80' lang='lat' dir='ltr'>estl</span> <span class='ocrx_word' id='word_1_357' title='bbox 1286 4390 1288 4396; x_wconf 95' lang='lat'>·</span> 
     </span>
    </p>
   </div>
   <div class='ocr_carea' id='block_1_7' title="bbox 0 0 1472 4900">
    <p class='ocr_par' dir='ltr' id='par_1_9' title="bbox 0 0 1472 4900">
     <span class='ocr_line' id='line_1_39' title="bbox 0 0 1472 4900; baseline 0 0"><span class='ocrx_word' id='word_1_358' title='bbox 0 0 1472 4900; x_wconf 95' lang='lat' dir='ltr'> </span> 
     </span>
    </p>
   </div>
  </div>
 </body>
</html>
