2934 4900
531 241 613 309 aar(
627 237 792 308 v1-vnn'
1188 247 1227 309 83

56 412 193 478 innoxia
215 420 348 478 uectura
370 413 519 499 deportat
541 413 624 480 illas.
648 414 711 478 iam
732 413 852 479 mutuis
867 403 1073 497 amplexibus
1096 420 1127 477 et
1145 413 1230 478 sesti-

57 524 213 590 nantibus
237 523 337 590 sauiis
361 543 433 590 sese
455 525 661 608 perfruuntur
675 531 707 589 et
728 525 804 589 illae
827 522 963 589 sedatae
978 524 1132 589 lacrimae
1147 529 1230 607 post-

56 635 184 700 liminio
206 632 343 700 redeunt
364 634 564 718 prolectante
586 634 714 718 gaudio.
735 627 813 700 ‘sed
835 642 867 699 et
888 629 1021 699 tectum'
1050 634 1154 716 inquit
1179 625 1231 697 ‘et

54 747 160 810 larem
181 751 327 810 nostrum
349 745 455 809 laetae
478 744 638 818 succedite
653 751 684 809 et
700 744 836 810 afflictas
860 745 987 810 animas
1010 763 1080 808 cum
1104 742 1231 827 Psyche

26 869 39 915 5
57 862 169 922 uestra
182 846 345 921 recreate?
370 855 417 920 sic
432 856 571 920 allocuta
587 875 729 920 summas
745 874 823 938 opes
839 855 951 921 domus
966 872 1083 918 aureae
1098 873 1226 918 uocum·
1248 853 1326 918 VIII

58 985 120 1048 que
144 965 355 1031 seruientium
377 967 568 1050 populosam
584 964 739 1030 familiam
754 965 955 1032 demonstrat
970 964 1102 1030 auribus
1119 984 1230 1029 earum

58 1077 254 1160 lauacroque
283 1075 498 1159 pulcherrimo
535 1083 566 1140 et
602 1075 799 1141 inhumanae
835 1095 969 1142 mensae
1004 1074 1139 1140 lautitiis
1173 1093 1230 1140 eas

63 1186 199 1269 opipare
223 1184 324 1250 reficit
345 1192 380 1250 ut
401 1186 527 1252 illarum
549 1206 682 1270 prorsus
708 1185 895 1251 caelestium
920 1184 1104 1249 diuitiarum
1128 1185 1229 1268 copiis
1257 1217 1263 1229 ·

60 1296 269 1361 affluentibus
286 1297 422 1361 satiatae
444 1297 509 1360 iam
531 1295 729 1380 praecordiis
744 1296 873 1380 penitus
889 1296 1048 1380 nutrirent
1062 1293 1242 1387 inuidiam«

17 1411 43 1458 1⁰
60 1406 201 1490 denique
230 1407 332 1471 altera
373 1425 482 1470 earum
510 1408 589 1473 satis
618 1406 804 1490 scrupulose
831 1407 1019 1490 curioseque
1047 1405 1229 1490 percontari

61 1537 125 1580 non
152 1515 273 1581 desinit
288 1517 359 1599 quis
382 1517 510 1607 illarum
534 1517 721 1584 caelestium
743 1535 848 1581 rerum
864 1514 1024 1598 dominus,
1041 1516 1155 1600 quisue
1177 1515 1229 1579 uel

62 1628 169 1709 ‹pralis
199 1627 302 1710 ipsius
332 1625 374 1691 sit
401 1626 545 1692 maritus.
583 1645 643 1692 166
672 1634 780 1691 tamen
802 1625 930 1710 Psyche
954 1626 1123 1708 coniugale
1150 1623 1229 1689 illud

60 1744 269 1821 praeceptum
291 1736 356 1801 ullo
379 1743 472 1820 pactu
502 1743 638 1801 temerat
660 1738 711 1802 uel
739 1736 878 1820 pectoris
900 1735 1028 1801 arcanis
1051 1736 1151 1818 exigit
1173 1734 1231 1800 sed

63 1868 138 1912 ere
161 1854 240 1912 nata
262 1845 415 1929 contingit
450 1865 524 1912 esse
562 1847 709 1910 iuuenem
739 1845 901 1930 quendam
932 1852 963 1910 61
992 1847 1172 1930 speciosum
1201 1850 1233 1907 et

14 1963 44 2044 ¹¹5
63 1956 263 2022 commodum
286 1958 400 2022 lanoso
422 1955 559 2021 barbitio
582 1976 685 2039 genas
707 1956 945 2048 inumbrantem
974 1956 1161 2039 plerumque
1182 1976 1232 2017 ru-

62 2068 217 2134 restribus
239 2087 277 2132 ao
299 2066 460 2132 montanis
475 2067 646 2134 uenatibus
670 2074 869 2151 occupatum,
894 2072 925 2131 et
947 2085 1053 2150 nequa
1076 2065 1232 2132 sermonis

63 2178 265 2262 procedentis
288 2177 362 2241 labe
384 2176 552 2242 consilium
574 2178 704 2243 taciturn
720 2177 917 2261 proderetur,
941 2197 1020 2241 auro
1042 2175 1124 2240 iacto
1146 2194 1231 2257 gem·

64 2289 227 2372 musisque
257 2287 430 2352 monilibus
460 2293 593 2352 onustas
616 2307 673 2353 eas
696 2289 806 2354 statim
828 2292 943 2352 uocato
965 2286 1114 2370 Zephyro
1135 2283 1233 2348 tradit

63 2397 285 2484 reportandas.

20 2506 47 2554 ²⁰
147 2510 217 2588 Quo
255 2516 409 2593 protenus
444 2516 627 2593 perpetrato
669 2528 796 2575 sorores
832 2508 985 2591 egregiae
1021 2508 1150 2571 domum
1186 2500 1349 2573 16111111

66 2620 199 2686 deuntes
226 2620 355 2702 iamquc
382 2620 549 2701 gliscentis
578 2618 723 2683 inuidiae
755 2619 830 2683 felle
858 2617 1035 2700 flagrantes
1065 2618 1165 2683 multa
1187 2638 1233 2684 se-

67 2750 135 2793 cum
157 2730 358 2796 sermonibus
381 2730 499 2795 mutuis
523 2730 780 2813 perstrepebant.
806 2729 851 2795 sie
878 2728 1018 2811 denique
1039 2728 1110 2792 infit
1131 2729 1234 2793 altera

146 2834 214 2905 ‘En
237 2840 317 2903 orba
340 2846 371 2904 et
394 2859 493 2905 saeua
516 2846 548 2903 et
571 2840 682 2922 iniqua
696 2840 856 2904 Fortuna!
878 2838 995 2902 hocine
1016 2838 1074 2902 tibi
1097 2838 1233 2920 compla-

67 2951 130 3014 cuit
151 2959 182 3014 ut
205 2958 339 3033 utroque
360 2960 494 3034 parente
515 2956 694 3034 prognatae
723 2948 885 3013 diuersam
915 2954 1032 3013 sortem
1062 2949 1233 3012 sustinere-

22 3070 49 3119 16
68 3062 160 3125 mus?
183 3068 215 3124 et
229 3080 288 3125 nos
304 3059 442 3143 quidem,
461 3079 543 3143 quae
558 3067 635 3123 natu
650 3059 790 3123 maiores
806 3078 925 3139 sumus,
949 3058 1073 3123 maritis
1096 3056 1232 3122 aduenis

67 3170 201 3233 ancillae
222 3170 361 3252 deditae,
386 3176 529 3235 extorres
553 3177 584 3234 61
605 3171 673 3234 lare
695 3176 728 3233 et
749 3169 822 3252 ipsa
844 3168 951 3251 patria
966 3166 1122 3250 degamus
1137 3167 1232 3249 longe

67 3287 232 3363 parentum
261 3281 349 3344 uelut
377 3281 561 3361 exulantes,
596 3279 677 3345 haec
704 3286 812 3344 autern
843 3279 1021 3344 nouissima
1042 3296 1138 3358 quam
1167 3277 1231 3340 fetu

69 3390 203 3455 satiante
224 3398 408 3474 postremus
430 3396 541 3474 partus
565 3389 691 3471 effudit,
720 3389 820 3454 tantis
844 3388 959 3473 opibus
982 3394 1014 3453 et
1035 3385 1096 3451 deo
1120 3385 1232 3450 marito

74 3500 172 3583 potita
195 3502 245 3581 sit,
264 3520 348 3584 quae
363 3520 423 3565 nec
434 3501 478 3565 uti
496 3507 581 3565 reete
596 3506 686 3564 tanta
699 3499 855 3564 bonorum
872 3498 966 3583 copia
977 3497 1090 3562 nouit?
1112 3494 1232 3577 uidisti,

24 3624 51 3670 :ro
69 3630 169 3691 soror,
200 3618 321 3695 quanta
353 3611 387 3674 in
409 3611 502 3675 domo
525 3611 632 3675 iacent
653 3616 686 3675 ct
707 3608 817 3694 qualia
838 3608 980 3689 monilia,
1004 3627 1086 3691 quae
1108 3607 1233 3690 praeni-

69 3728 134 3784 tent
165 3728 288 3804 uestes,
328 3742 410 3805 quae
441 3720 640 3804 splenditant
672 3737 834 3803 gemmae,
873 3724 1026 3802 quantum
1065 3723 1234 3800 praeterea

133 4028 146 4076 1
166 4024 278 4080 sabuiF
343 4028 358 4077 3
377 4023 495 4093 &prius
512 4023 612 4076 om.F⁴
681 4017 829 4089 blocdmcp
848 4020 892 4090 Fp
962 4022 976 4070 8
995 4017 1114 4073 relicitur
1132 4026 1161 4070 ut
1180 4017 1235 4080 uid,

70 4114 97 4168 F
100 4120 106 4145 ’
187 4124 301 4188 dpen1t3
320 4116 371 4172 boc
394 4121 434 4171 est
456 4117 564 4183 penitus
585 4117 625 4170 sic
647 4116 691 4184 Fp
786 4111 1001 4168 1316111111
1084 4115 1114 4165 14
1133 4111 1156 4164 dc
1173 4117 1236 4165 aare

71 4209 180 4266 ccmodd
197 4230 250 4267 uon
269 4210 408 4283 comparet
425 4209 495 4273 iol',
513 4209 612 4280 legitur
630 4210 657 4262 ia
675 4228 694 4277 φ
767 4212 795 4261 li
813 4206 950 4276 pcedenur
966 4204 1024 4266 (sed
1033 4205 1164 4276 primibus
1179 4206 1237 4274 suit

71 4314 101 4371 ut
119 4303 147 4371 F,
163 4306 334 4374 pcedentrip
420 4306 447 4355 21
470 4300 532 4372 felle
559 4301 704 4370 fraglantei
719 4300 748 4353 F
827 4304 860 4353 13
878 4330 888 4352 a
908 4330 917 4351 .
935 4299 1031 4351 hocine
1057 4297 1125 4366 (fuit
1147 4298 1193 4360 ho)
1211 4297 1240 4349 F

71 4402 101 4449 15
122 4404 181 4453 natu
198 4430 207 4453 .
225 4428 234 4451 2
253 4398 320 4469 (suit
336 4400 378 4461 ra)
397 4396 429 4462 F,
447 4402 513 4451 natu
531 4416 551 4465 φ
941 4445 945 4453 .
997 4474 1029 4526 ὅ*
