2934 4900
574 273 646 322 chr.
668 274 761 340 11--u
1231 257 1249 318 3
1305 234 1312 253 ⁸

73 425 262 492 distinentis
291 425 423 490 minimo
452 426 558 492 minus
586 425 704 491 interii.
744 433 776 492 et
802 434 910 491 tamen
932 425 1070 491 Athenis
1104 425 1250 509 proximo

72 543 104 600 et
135 542 213 601 ante
245 535 397 602 Poecilen
429 537 587 620 porticum
622 537 685 602 isto
715 539 845 620 gemino
878 537 990 602 obtutu
1028 536 1249 601 circulatorem

71 645 190 730 aspexi
218 654 398 729 equestrem
428 645 577 731 spatham
605 655 812 730 praeacutam
841 666 992 713 mucrone
1013 648 1132 712 infesto
1151 645 1253 710 deuo·

71 777 166 850 rasse
195 775 234 822 ac
263 777 339 822 mox
368 756 505 822 eundem
530 757 746 823 inuitamento
775 758 912 841 exiguae
935 757 1028 842 stipis
1049 756 1249 822 uenatoriam

39 882 52 930 5
70 868 231 950 lanceam,
254 887 319 950 qua
340 873 433 952 parte
447 867 588 932 minatur
603 868 745 951 exitium,
769 869 803 932 in
824 869 890 932 ima
904 868 1033 934 uiscera
1053 865 1249 932 condidisse.
1269 892 1270 897 ¹
1298 870 1300 874 '

1 986 52 1044 ror]
72 985 104 1043 ct
127 997 204 1044 ecee
225 997 310 1062 pone
332 979 465 1042 lanceae
486 979 613 1054 ferrum,
638 999 701 1062 qua
718 979 890 1063 baccillum
910 977 1033 1044 inuersi
1054 977 1111 1041 teli
1134 976 1177 1041 ad
1197 995 1248 1075 oo-

70 1088 218 1172 cipitium
239 1107 299 1173 per
320 1088 474 1172 ingluiem
498 1089 592 1170 subit,
618 1108 699 1173 puer
720 1091 755 1153 in
777 1088 948 1154 mollitiem.
965 1087 1100 1153 decorus
1113 1087 1251 1170 insurgit

69 1199 171 1281 inque
193 1198 331 1264 flexibus
354 1199 506 1265 tortuosis
522 1218 674 1264 encruam
697 1209 729 1264 et
751 1218 901 1266 exossam
920 1198 1125 1264 saltationem
1148 1197 1249 1280 expli-

70 1315 124 1374 cat
146 1329 219 1373 oum
242 1310 384 1374 omnium
413 1309 466 1393 qui
495 1309 666 1376 aderamus
696 1309 920 1374 admiratione.
957 1307 1081 1374 diceres
1109 1305 1164 1371 dei
1185 1325 1249 1370 me·

25 1425 53 1472 10
71 1420 137 1484 dici
160 1419 290 1502 baculo,
322 1418 407 1503 quod
429 1420 562 1485 ramulis
591 1421 848 1504 semiamputatis
875 1418 1032 1484 nodosum
1054 1418 1152 1502 gerit,
1182 1437 1249 1482 ser-

69 1536 203 1614 pentem
218 1549 411 1612 generosum
425 1530 558 1596 lubricis
574 1531 777 1614 amplexibus
792 1530 971 1595 inhaerere.
1005 1528 1062 1596 sed
1077 1529 1143 1592 iam
1159 1526 1247 1609 cedo,

69 1647 106 1703 tn
128 1639 225 1705 sodes
256 1640 311 1723 qui
340 1659 493 1725 coeperas
521 1641 664 1706 fabulam
694 1641 854 1706 remetire.
893 1639 1035 1723 egotibi
1058 1622 1249 1705 solushacc

69 1769 130 1834 pro
159 1751 223 1815 isto
253 1749 380 1816 credam
410 1756 441 1816 ct
469 1749 554 1834 quod
588 1751 750 1835 ingressui
780 1752 918 1835 primum
951 1751 1046 1815 luerit
1077 1748 1248 1828 stabulum,

69 1859 211 1947 prandio
233 1860 445 1944 participabo.
482 1861 563 1926 haec
584 1861 643 1926 tibi
664 1881 788 1928 meroes
804 1862 960 1946 deposita
981 1852 1054 1926 est'

24 1975 51 2023 ¹5
157 1971 200 2037 At
220 1971 276 2036 ille
295 1964 395 2038 ‘istud
418 1971 547 2054 quidem
577 1971 662 2056 quod
683 1973 847 2057 polliceris
871 1973 968 2056 aequi
996 1971 1136 2054 bonique
1157 1967 1251 2044 facio,
1273 1965 1303 2030 V

69 2102 186 2148 uerum
215 2079 300 2166 quod
327 2081 556 2147 inchcaueram
584 2103 679 2166 porro
710 2081 870 2148 exordiar.
908 2081 967 2148 sed
989 2082 1048 2146 tibi
1069 2082 1160 2166 prius
1194 2077 1247 2144 de-

69 2193 186 2257 ierabo
210 2193 311 2258 solem
333 2192 430 2258 istum
458 2191 622 2258 uidentem
653 2192 748 2258 deum
770 2212 822 2257 me
842 2212 923 2257 uera
944 2197 1108 2278 comperta
1129 2209 1247 2256 memo·

70 2323 156 2386 rare,
179 2322 239 2368 nec
260 2323 319 2370 uos
335 2303 468 2368 ulterius
491 2301 680 2370 dubitabitis
699 2304 727 2370 si
749 2302 954 2370 Thessaliam
976 2303 1158 2386 proximam
1173 2300 1247 2365 ciui-

69 2423 172 2482 tatem
193 2413 422 2499 perueneritis,
454 2413 539 2497 quod
561 2413 682 2480 ibidem
703 2415 827 2499 passim
849 2434 908 2500 per
930 2434 987 2479 ora
1008 2413 1120 2500 populi
1143 2431 1247 2479 sermo
1343 2490 1354 2508 „

20 2532 49 2579 2¹}
69 2528 209 2591 iactetur
237 2545 321 2608 quae
351 2526 459 2609 palam
488 2530 581 2608 gesta
608 2531 693 2592 sunt.
730 2524 790 2592 sed
817 2532 852 2590 ut
877 2526 968 2609 prius
996 2525 1111 2591 noritis
1133 2523 1247 2588 cuiatis

70 2636 134 2701 sim
159 2634 265 2718 quiue,
289 2655 360 2701 sum
375 2636 586 2719 Aeginensis3
610 2636 719 2701 audite
741 2647 774 2702 et
796 2655 858 2719 quo
879 2642 1015 2720 quaestu
1036 2655 1089 2701 me
1103 2642 1247 2699 teneam:

70 2745 170 2810 melle
197 2745 251 2810 uel
279 2764 374 2810 casco
403 2749 435 2810 et
462 2744 595 2811 huiusce
628 2744 714 2810 modi
743 2747 972 2831 cauponiorum
1001 2744 1162 2816 mercibus
1190 2761 1248 2827 per

70 2853 280 2936 Thessaliam
296 2855 456 2921 Aetoliam
470 2855 637 2921 Boeotiam
653 2856 736 2921 ultro
751 2857 830 2921 citro
853 2856 1046 2922 discurrens.
1084 2859 1246 2936 comperto

69 2966 184 3048 itaque
222 2964 366 3049 Hypata
400 2984 483 3049 quae
516 2966 630 3033 ciuitas
667 2973 802 3031 cunctae
835 2966 1028 3032 Thessaliae
1061 2964 1246 3049 anteponet,

21 3084 49 3131 15
68 3094 201 3141 cascum
245 3093 357 3142 recens
401 3082 433 3141 et
460 3075 532 3142 scili
575 3078 701 3160 saporis
737 3076 911 3158 admodum
942 3074 1107 3139 commodo
1144 3073 1247 3157 pretio

69 3184 226 3267 distrahi,
262 3186 398 3251 festinus
427 3185 601 3260 adcucurri
632 3187 666 3251 id
695 3206 789 3253 omne
816 3186 1084 3271 praestinaturus.
1133 3184 1191 3249 sed
1214 3191 1249 3248 ut

72 3296 146 3360 fieri
169 3295 296 3361 adsolet
318 3296 451 3362 sinistro
474 3296 557 3379 pede
583 3298 762 3382 proiectum
790 3317 841 3363 me
871 3315 946 3381 spes
975 3294 1158 3380 compendii
1185 3295 1248 3359 iru-

70 3412 176 3472 strata
199 3412 258 3471 est.
283 3426 389 3472 'omne
412 3406 498 3473 enim
520 3407 626 3492 pridie
648 3409 759 3492 Lupus
781 3408 961 3489 negotiator
976 3406 1163 3490 magnarius
1178 3424 1248 3471 coe-

69 3522 186 3582 merat.
236 3535 311 3599 ergo
344 3516 444 3601 igitur
475 3517 632 3582 inefficaci
664 3506 830 3585 celeritate
861 3518 1015 3603 fatigatus
1048 3516 1247 3582 commodum

18 3639 49 3687 ac
69 3646 213 3711 uespera
235 3628 357 3693 oriente
380 3626 422 3691 ad
444 3627 579 3694 balneas
601 3647 832 3713 processeram.

140 3778 290 3847 2poetrlen
306 3778 332 3828 F
397 3782 540 3846 5mmarjri
557 3779 583 3829 F
661 3762 816 3847 'lmgruurd
832 3779 857 3830 F
934 3774 1086 3849 deluerub
1104 3782 1177 3842 (ccccm
1194 3793 1249 3830 ras.

69 3889 101 3924 rc
120 3888 189 3925 acra
206 3872 243 3925 sit
260 3872 382 3934 dubites;
398 3873 425 3925 si
439 3871 506 3941 fcit,
523 3887 603 3925 croso
628 3878 668 3925 est
684 3877 711 3937 x)
729 3873 761 3924 F.
850 3876 880 3924 10
900 3868 1087 3941 lemebputatrl
1109 3872 1139 3922 F‘
1219 3873 1247 3921 lt

69 3965 185 4034 ceperas
201 3965 226 4015 F
313 3970 340 4019 11
358 3979 461 4019 merces
487 3964 608 4033 deposita
635 3966 746 4037 scripsi:
773 3964 895 4019 mercede
919 3965 1008 4033 polita
1024 3966 1057 4019 F.
1155 3968 1184 4017 16
1202 3962 1247 4017 de-

69 4060 171 4127 gerabo
190 4058 216 4109 F
305 4062 335 4112 18
353 4058 722 4126 sequestratorium
745 4059 778 4122 F,
795 4059 894 4111 necuol
915 4057 938 4128 f
950 4059 977 4111 io
996 4074 1092 4129 marg,
1110 4059 1247 4127 necuolp

70 4152 222 4205 recurant
247 4152 301 4205 lim.
329 4169 347 4220 q
373 4152 427 4205 lrm.
447 4152 575 4219 aegrenbl
590 4152 622 4217 F,
642 4151 797 4205 emendetit
822 4150 1038 4206 Hildehrucdr'us
1123 4151 1247 4220 21111111-

72 4248 113 4297 ltu
133 4244 157 4297 dc
176 4238 284 4314 ench
359 4249 390 4298 22
411 4244 604 4313 cauponiorum
621 4243 852 4303 Hildebraudr'as:
870 4244 1028 4313 caulponozt
1047 4245 1072 4296 F
1147 4244 1179 4299 ‘23
1198 4246 1247 4299 bc·

69 4346 155 4393 etiam
174 4338 199 4389 F
255 4344 318 4391 utro
342 4338 372 4389 F‘
460 4342 493 4391 24
512 4337 612 4407 hypate
630 4340 670 4392 sic
693 4339 717 4389 F
803 4341 835 4390 25
854 4338 993 4391 commodo
1012 4369 1022 4390 a
1040 4342 1143 4409 (potest
1158 4338 1248 4408 fuisse

69 4430 235 4495 commodat)
254 4430 288 4496 F,
308 4430 447 4487 commodo
468 4451 487 4501 φ

1013 4525 1020 4567 p
1028 4519 1042 4547 s
