2934 4900
492 243 564 290 eur.
588 239 743 287 vru-xn
1066 264 1068 269 .
1145 222 1202 280 141

39 397 166 482 pestiua
192 395 426 480 pollicitatione
454 400 615 460 recreatus
644 389 820 458 identidem
851 393 955 476 pergit
977 389 1107 474 linguae
1130 408 1206 454 sau-

40 509 150 574 ciantis
175 528 323 574 susurros
364 505 525 590 improbos
548 499 720 588 inunguere
744 501 851 587 quoad
873 503 1063 567 simulanter
1085 499 1207 564 reuicta

40 618 168 684 Charite
198 618 332 704 suscipit
358 613 463 682 ‘istud
497 614 646 700 equidem
679 621 765 680 certe
795 632 992 697 magnopere
1021 609 1207 696 deprecanti

41 728 195 794 concedas
218 745 351 794 necesse
373 734 432 802 est,
457 728 499 792 mi
522 727 704 810 Thrasyllo,
728 732 763 789 ut
786 723 948 789 interdum
969 723 1058 787 taciti
1081 719 1208 814 clande-

13 841 137 908 tstinus
162 840 263 905 cuitus
287 840 441 904 obeamus
471 857 529 902 nec
560 838 730 920 quisquam
760 835 973 918 persentiscat
1000 831 1207 898 familiarium

42 951 144 1034 quoad
168 950 238 1016 dies
261 950 401 1033 reliquos
424 949 572 1013 metiatur
595 937 723 1012 annus'

121 1060 332 1128 Promissioni
355 1060 541 1124 fallaciosae
564 1057 707 1122 mulieris
731 1076 906 1141 oppressus
922 1053 1092 1122 subcubuit
1106 1051 1210 1114 Thra-

12 1174 27 1242 t]
43 1174 140 1256 syllas
165 1178 196 1235 et
219 1171 344 1255 prolixe
366 1169 525 1235 consentit
546 1167 587 1234 de
616 1168 734 1231 furtiuo
765 1167 934 1232 concanbitu
962 1171 1149 1244 noctemque
1178 1166 1210 1224 et
1251 1178 1253 1187 ¹

44 1291 168 1366 opertas
191 1287 322 1366 exoptat
345 1282 427 1345 ultro
449 1279 599 1344 tenebras
622 1299 685 1342 uno
709 1277 856 1362 potiundi
878 1275 983 1342 studio
1011 1280 1210 1359 postponens
1287 1290 1289 1293 ·

12 1401 27 1448 u
44 1394 157 1457 onrnia.
179 1386 257 1456 ‘sed
279 1391 359 1456 heus
381 1381 427 1455 tu'
453 1390 556 1473 inquit
578 1387 707 1453 Charite
728 1381 843 1472 ‘quam
870 1388 971 1472 probe
992 1391 1083 1450 ueste
1104 1389 1210 1444 conte-

45 1511 108 1570 ctus
132 1502 284 1585 omnique
307 1477 420 1566 comite
443 1500 593 1565 uiduatus
617 1499 721 1583 prima
737 1499 851 1581 uigilia
873 1498 990 1563 tacitus
1012 1496 1097 1559 fores
1119 1511 1209 1565 meas
1266 1516 1270 1525 ¹

43 1613 174 1680 accedas
197 1630 324 1695 unoque
340 1611 435 1676 sibilo
450 1617 617 1676 contentus
633 1608 789 1673 nutricem
811 1610 907 1676 istam
921 1630 1025 1676 meam
1041 1612 1211 1696 opperiare

44 1744 120 1807 quae
144 1722 294 1788 claustris
317 1721 498 1786 adhaerens
529 1720 698 1784 excubabit
729 1719 883 1786 aduentui
912 1726 976 1786 tuo.
1019 1741 1079 1786 nec
1110 1721 1210 1787 setius

44 1835 209 1919 patefactis
231 1831 366 1898 aedibus
388 1837 553 1915 acceptum
576 1837 607 1896 te
629 1831 717 1894 nullo
747 1832 868 1897 lumine
890 1832 1016 1897 conscio
1039 1831 1081 1896 ad
1105 1851 1212 1897 meum

12 1953 29 2002 b
47 1945 196 2028 perducet
218 1933 423 2008 cubiculum’
500 1973 504 1980 x

125 2054 253 2120 Placuit
276 2053 448 2136 Thrasyllo
472 2070 590 2116 scaeua
612 2051 759 2116 feralium
781 2054 975 2137 nuptiarum.
1006 2074 1065 2119 nec
1081 2055 1211 2138 sequius
1233 2054 1281 2118 XI

46 2165 165 2249 aliquid
182 2164 365 2246 suspicatus
378 2162 435 2228 sed
446 2162 667 2245 expectatione
679 2163 827 2230 turbidus
838 2163 878 2228 de
895 2164 959 2229 diei
970 2172 1093 2230 tantum
1106 2166 1212 2249 spatio

46 2285 73 2340 et
95 2295 254 2360 uesperae
277 2293 366 2338 mora
389 2273 589 2357 querebatur.
613 2271 671 2337 sed
693 2272 749 2337 ubi
772 2274 828 2340 Sol
850 2275 980 2359 tandem
1004 2275 1089 2340 nocti
1104 2275 1213 2342 deces-

47 2388 92 2469 sit,
115 2408 157 2452 ex
179 2386 314 2471 imperio
338 2383 486 2450 Charites
510 2381 685 2450 adornatus
716 2391 748 2451 et
776 2387 908 2453 nutricis
931 2388 1077 2473 captiosa
1098 2387 1214 2471 uigilia

12 2506 31 2555 tu
46 2498 196 2583 deceptus
219 2498 339 2581 inrepit
353 2497 533 2561 cubiculum
549 2517 669 2581 pronus
686 2497 766 2580 spei.
789 2509 865 2563 tunc
886 2520 968 2565 anus
984 2499 1024 2564 de
1046 2501 1138 2565 iussu
1160 2498 1214 2563 dc-

48 2610 148 2673 minae
173 2608 344 2673 blandiens
368 2586 526 2672 ei'furtim
555 2608 753 2693 depromptis
782 2609 935 2675 calicibus
958 2616 989 2674 et
1018 2609 1212 2694 oenophoro,

47 2720 128 2799 quod
150 2720 321 2784 inmixtum
343 2718 418 2781 uino
442 2718 651 2802 soporiferum
673 2719 807 2801 gerebat
821 2739 990 2799 uenenum,
1014 2720 1135 2786 crebris
1157 2741 1215 2803 pc·
1283 2782 1285 2787 .

47 2830 186 2895 tionibus
208 2828 304 2893 auide
327 2848 364 2892 ac
387 2847 497 2909 secure
519 2828 721 2893 haurientem
744 2831 880 2894 mentita
902 2830 1051 2895 dominae
1083 2831 1215 2895 tardita-

48 2946 107 3004 tem
145 2940 240 3023 quasi
269 2947 434 3023 parentem
464 2938 629 3005 adsideret
665 2946 833 3021 aegrotum
870 2940 963 3005 facile
994 2942 1145 3025 sepeliuit
1173 2941 1215 3005 ad

12 3056 33 3107 tt
50 3070 202 3114 sumnum.
227 3049 370 3132 viamque
403 3069 441 3114 ec
472 3049 514 3113 ad
536 3068 647 3115 omnes
675 3048 811 3113 iniurias
834 3051 980 3133 exposito
1003 3070 1041 3115 ae
1064 3032 1214 3135 supinato

49 3159 244 3225 iutrouocata
262 3157 392 3224 Charite
426 3160 577 3225 masculis
610 3158 726 3225 animis
764 3161 949 3245 impetuque
977 3160 1047 3226 diro
1076 3155 1215 3227 fremens

49 3270 171 3334 inuadit
193 3288 231 3333 ac
253 3270 435 3354 supersistit
458 3270 607 3336 sicarium

126 3371 211 3445 ‘En'
236 3380 340 3465 inquit
362 3380 445 3445 fidus
461 3381 606 3462 coniugis
622 3382 685 3445 mei
708 3401 824 3465 comes,
849 3402 890 3447 en
906 3389 1039 3447 uenator
1055 3383 1213 3466 egregius,
1236 3388 1301 3454 ΧΠ

53 3510 89 3554 en
112 3510 206 3556 carus
228 3491 373 3556 maritus.
408 3491 489 3556 haec
511 3499 560 3558 est
578 3492 634 3556 illa
657 3492 772 3557 dextra
794 3512 876 3576 quae
898 3512 1004 3557 meum
1027 3495 1218 3577 sanguinem

12 3610 37 3659 rc
51 3582 136 3682 fudit,
160 3598 220 3665 hoc
243 3608 353 3686 pectus
376 3602 461 3686 quod
484 3603 704 3669 fraudulentas
728 3604 882 3687 ambages
905 3605 938 3667 in
961 3624 1067 3669 meum
1088 3604 1216 3669 conciu-

52 3712 138 3775 nauit
161 3710 301 3793 exitium,
326 3712 409 3776 oculi
432 3712 484 3777 isti
507 3713 621 3797 quibus
645 3715 728 3777 male
750 3715 866 3797 placui,
891 3714 944 3797 qui
968 3714 1107 3795 quodam
1122 3714 1217 3779 modo

52 3822 172 3887 futuras
194 3823 344 3888 tenebras
367 3824 573 3908 auspicantes
597 3825 764 3890 uenientes
780 3845 903 3908 poenas
926 3824 1128 3890 antecedunt.
1152 3825 1218 3906 qui·

119 4096 130 4145 1
150 4092 240 4161 hnguc
258 4094 345 4147 fatratr
362 4092 450 4147 deleta
468 4094 496 4146 ic
514 4094 545 4157 F,
574 4094 661 4163 lingue
681 4093 805 4162 latratrp
897 4099 912 4147 2
931 4094 1030 4163 quoad]
1049 4093 1085 4163 qd
1101 4094 1137 4157 F,
1163 4112 1181 4163 q
1198 4113 1218 4161 φ

53 4189 66 4237 c
91 4186 207 4254 rehquof
230 4186 260 4256 f:
286 4188 403 4255 requuuf
428 4186 474 4256 lp
565 4183 638 4241 anntr
664 4188 725 4269 lla·
815 4191 845 4240 tc
874 4188 1006 4242 charrtate
1033 4190 1077 4256 Fp
1107 4187 1218 4251 (chante

50 4293 135 4349 marq.
161 4289 192 4348 pt
298 4285 327 4333 19
346 4280 493 4334 adornatuf
518 4299 551 4349 p:
574 4280 732 4335 adhortatus
748 4281 773 4331 F
857 4286 887 4334 21
917 4280 1044 4336 oenoforc
1068 4281 1096 4334 F
1186 4283 1218 4333 32

52 4372 176 4443 pquafF
