<?xml version="1.0" encoding="UTF-8"?>
<!DOCTYPE html PUBLIC "-//W3C//DTD XHTML 1.0 Transitional//EN"
    "http://www.w3.org/TR/xhtml1/DTD/xhtml1-transitional.dtd">
<html xmlns="http://www.w3.org/1999/xhtml" xml:lang="en" lang="en">
 <head>
  <title>
</title>
<meta http-equiv="Content-Type" content="text/html;charset=utf-8" />
  <meta name='ocr-system' content='tesseract 3.04.00' />
  <meta name='ocr-capabilities' content='ocr_page ocr_carea ocr_par ocr_line ocrx_word'/>
</head>
<body>
  <div class='ocr_page' id='page_1' title='image "./metamorphoseonl00eyssgoog/metamorphoseonl00eyssgoog_0129.png"; bbox 0 0 2934 4900; ppageno 0'>
   <div class='ocr_carea' id='block_1_1' title="bbox 519 213 1248 302">
    <p class='ocr_par' dir='ltr' id='par_1_1' title="bbox 519 213 1248 302">
     <span class='ocr_line' id='line_1_1' title="bbox 519 213 1248 302; baseline 0.005 -4"><span class='ocrx_word' id='word_1_1' title='bbox 519 251 611 300; x_wconf 75' lang='lat' dir='ltr'>amm</span> <span class='ocrx_word' id='word_1_2' title='bbox 632 253 679 300; x_wconf 88' lang='lat' dir='ltr'>vu</span> <span class='ocrx_word' id='word_1_3' title='bbox 701 252 774 300; x_wconf 69' lang='lat' dir='ltr'>our.</span> <span class='ocrx_word' id='word_1_4' title='bbox 797 255 811 299; x_wconf 91' lang='lat'><strong>1</strong></span> <span class='ocrx_word' id='word_1_5' title='bbox 835 213 842 226; x_wconf 58' lang='grc'>’</span> <span class='ocrx_word' id='word_1_6' title='bbox 1188 242 1248 302; x_wconf 84' lang='grc'>117</span> 
     </span>
    </p>
   </div>
   <div class='ocr_carea' id='block_1_2' title="bbox 33 403 1358 1372">
    <p class='ocr_par' dir='ltr' id='par_1_2' title="bbox 67 403 1358 820">
     <span class='ocr_line' id='line_1_2' title="bbox 68 403 1249 490; baseline 0.004 -19"><span class='ocrx_word' id='word_1_7' title='bbox 68 406 235 472; x_wconf 77' lang='lat' dir='ltr'>caloribus</span> <span class='ocrx_word' id='word_1_8' title='bbox 247 403 456 471; x_wconf 88' lang='lat' dir='ltr'>inflammarit</span> <span class='ocrx_word' id='word_1_9' title='bbox 477 412 612 485; x_wconf 91' lang='lat' dir='ltr'>uterum,</span> <span class='ocrx_word' id='word_1_10' title='bbox 634 411 666 470; x_wconf 88' lang='lat' dir='ltr'>et</span> <span class='ocrx_word' id='word_1_11' title='bbox 687 404 824 490; x_wconf 87' lang='lat' dir='ltr'>patibuli</span> <span class='ocrx_word' id='word_1_12' title='bbox 845 406 1032 486; x_wconf 76' lang='lat' dir='ltr'>oromatum,</span> <span class='ocrx_word' id='word_1_13' title='bbox 1055 425 1126 471; x_wconf 87' lang='lat' dir='ltr'>oum</span> <span class='ocrx_word' id='word_1_14' title='bbox 1148 426 1249 476; x_wconf 81' lang='lat' dir='ltr'>canes</span> 
     </span>
     <span class='ocr_line' id='line_1_3' title="bbox 70 514 1358 600; baseline 0.002 -17"><span class='ocrx_word' id='word_1_15' title='bbox 70 525 105 583; x_wconf 87' lang='lat' dir='ltr'>et</span> <span class='ocrx_word' id='word_1_16' title='bbox 128 517 274 582; x_wconf 86' lang='lat' dir='ltr'>uultures</span> <span class='ocrx_word' id='word_1_17' title='bbox 296 514 410 580; x_wconf 91' lang='lat' dir='ltr'>intima</span> <span class='ocrx_word' id='word_1_18' title='bbox 432 515 619 600; x_wconf 80' lang='lat' dir='ltr'><strong>protrahent</strong></span> <span class='ocrx_word' id='word_1_19' title='bbox 646 514 781 582; x_wconf 75' lang='lat' dir='ltr'>uiscera.</span> <span class='ocrx_word' id='word_1_20' title='bbox 819 515 878 582; x_wconf 87' lang='lat' dir='ltr'>sed</span> <span class='ocrx_word' id='word_1_21' title='bbox 899 524 931 581; x_wconf 89' lang='lat' dir='ltr'>et</span> <span class='ocrx_word' id='word_1_22' title='bbox 953 523 1076 584; x_wconf 86' lang='lat' dir='ltr'>oeteras</span> <span class='ocrx_word' id='word_1_23' title='bbox 1098 518 1169 586; x_wconf 79' lang='lat' dir='ltr'>eius</span> <span class='ocrx_word' id='word_1_24' title='bbox 1190 539 1242 585; x_wconf 88' lang='lat' dir='ltr'>ae·</span> <span class='ocrx_word' id='word_1_25' title='bbox 1355 546 1358 556; x_wconf 67' lang='lat'>¹</span> 
     </span>
     <span class='ocr_line' id='line_1_4' title="bbox 68 626 1246 712; baseline 0.004 -21"><span class='ocrx_word' id='word_1_26' title='bbox 68 645 206 691; x_wconf 87' lang='lat' dir='ltr'>rumnas</span> <span class='ocrx_word' id='word_1_27' title='bbox 240 631 271 691; x_wconf 89' lang='lat' dir='ltr'>et</span> <span class='ocrx_word' id='word_1_28' title='bbox 298 631 457 691; x_wconf 86' lang='lat' dir='ltr'>tormenta</span> <span class='ocrx_word' id='word_1_29' title='bbox 485 631 660 692; x_wconf 85' lang='lat' dir='ltr'>numerate.</span> <span class='ocrx_word' id='word_1_30' title='bbox 697 633 843 691; x_wconf 75' lang='lat' dir='ltr'><strong>mortuae</strong></span> <span class='ocrx_word' id='word_1_31' title='bbox 877 626 1000 692; x_wconf 87' lang='lat' dir='ltr'>bestiae</span> <span class='ocrx_word' id='word_1_32' title='bbox 1028 627 1102 712; x_wconf 89' lang='lat' dir='ltr'>ipsa</span> <span class='ocrx_word' id='word_1_33' title='bbox 1128 629 1246 696; x_wconf 77' lang='lat' dir='ltr'>trinam</span> 
     </span>
     <span class='ocr_line' id='line_1_5' title="bbox 67 735 1247 820; baseline 0.004 -20"><span class='ocrx_word' id='word_1_34' title='bbox 67 743 219 802; x_wconf 91' lang='lat' dir='ltr'>uentrem</span> <span class='ocrx_word' id='word_1_35' title='bbox 252 735 429 818; x_wconf 80' lang='lat' dir='ltr'>habitabit,</span> <span class='ocrx_word' id='word_1_36' title='bbox 459 755 531 800; x_wconf 78' lang='lat' dir='ltr'>uum</span> <span class='ocrx_word' id='word_1_37' title='bbox 563 735 684 802; x_wconf 84' lang='lat' dir='ltr'>faetore</span> <span class='ocrx_word' id='word_1_38' title='bbox 704 736 805 801; x_wconf 90' lang='lat' dir='ltr'>nimio</span> <span class='ocrx_word' id='word_1_39' title='bbox 828 755 924 804; x_wconf 85' lang='lat' dir='ltr'>nares</span> <span class='ocrx_word' id='word_1_40' title='bbox 946 744 1087 820; x_wconf 80' lang='lat' dir='ltr'>aestuet,</span> <span class='ocrx_word' id='word_1_41' title='bbox 1117 739 1247 805; x_wconf 85' lang='lat' dir='ltr'>inediae</span> 
     </span>
    </p>

    <p class='ocr_par' dir='ltr' id='par_1_3' title="bbox 33 846 1247 1041">
     <span class='ocr_line' id='line_1_6' title="bbox 33 846 1247 919; baseline 0.004 -9"><span class='ocrx_word' id='word_1_42' title='bbox 33 847 47 893; x_wconf 79' lang='lat'><strong>⁵</strong></span> <span class='ocrx_word' id='word_1_43' title='bbox 67 847 219 913; x_wconf 87' lang='lat' dir='ltr'>diutinae</span> <span class='ocrx_word' id='word_1_44' title='bbox 242 846 333 910; x_wconf 91' lang='lat' dir='ltr'>letali</span> <span class='ocrx_word' id='word_1_45' title='bbox 355 846 440 912; x_wconf 88' lang='lat' dir='ltr'>fame</span> <span class='ocrx_word' id='word_1_46' title='bbox 454 846 611 912; x_wconf 88' lang='lat' dir='ltr'>-tabesoet</span> <span class='ocrx_word' id='word_1_47' title='bbox 639 849 703 912; x_wconf 77' lang='lat' dir='ltr'>neo·</span> <span class='ocrx_word' id='word_1_48' title='bbox 727 846 795 912; x_wconf 89' lang='lat' dir='ltr'>suis</span> <span class='ocrx_word' id='word_1_49' title='bbox 817 847 933 919; x_wconf 79' lang='lat' dir='ltr'>saltem</span> <span class='ocrx_word' id='word_1_50' title='bbox 961 846 1073 914; x_wconf 87' lang='lat' dir='ltr'>liberis</span> <span class='ocrx_word' id='word_1_51' title='bbox 1095 849 1247 915; x_wconf 90' lang='lat' dir='ltr'>manibus</span> 
     </span>
     <span class='ocr_line' id='line_1_7' title="bbox 66 939 640 1041; baseline 0 -21"><span class='ocrx_word' id='word_1_52' title='bbox 66 939 640 1041; x_wconf 64' lang='lat' dir='ltr'>momnmnmmampmm?</span> 
     </span>
    </p>

    <p class='ocr_par' dir='ltr' id='par_1_4' title="bbox 159 1065 1245 1151">
     <span class='ocr_line' id='line_1_8' title="bbox 159 1065 1245 1151; baseline 0.001 -20"><span class='ocrx_word' id='word_1_53' title='bbox 159 1065 296 1132; x_wconf 82' lang='lat' dir='ltr'>Talibus</span> <span class='ocrx_word' id='word_1_54' title='bbox 331 1065 425 1133; x_wconf 83' lang='lat' dir='ltr'>dietis</span> <span class='ocrx_word' id='word_1_55' title='bbox 458 1087 523 1133; x_wconf 91' lang='lat' dir='ltr'>non</span> <span class='ocrx_word' id='word_1_56' title='bbox 545 1065 682 1151; x_wconf 87' lang='lat' dir='ltr'>pedibus</span> <span class='ocrx_word' id='word_1_57' title='bbox 715 1065 773 1133; x_wconf 88' lang='lat' dir='ltr'>sed</span> <span class='ocrx_word' id='word_1_58' title='bbox 802 1066 878 1133; x_wconf 89' lang='lat' dir='ltr'>totis</span> <span class='ocrx_word' id='word_1_59' title='bbox 899 1068 1028 1134; x_wconf 88' lang='lat' dir='ltr'>animis·</span> <span class='ocrx_word' id='word_1_60' title='bbox 1046 1070 1189 1134; x_wconf 84' lang='lat' dir='ltr'>latrones</span> <span class='ocrx_word' id='word_1_61' title='bbox 1211 1068 1245 1133; x_wconf 89' lang='lat' dir='ltr'>in</span> 
     </span>
    </p>

    <p class='ocr_par' dir='ltr' id='par_1_5' title="bbox 66 1176 1247 1372">
     <span class='ocr_line' id='line_1_9' title="bbox 68 1176 1247 1262; baseline -0.003 -18"><span class='ocrx_word' id='word_1_62' title='bbox 68 1180 144 1244; x_wconf 89' lang='lat' dir='ltr'>eius</span> <span class='ocrx_word' id='word_1_63' title='bbox 166 1177 291 1242; x_wconf 88' lang='lat' dir='ltr'>uadunt</span> <span class='ocrx_word' id='word_1_64' title='bbox 314 1176 517 1242; x_wconf 89' lang='lat' dir='ltr'>sententiam.</span> <span class='ocrx_word' id='word_1_65' title='bbox 542 1196 638 1260; x_wconf 89' lang='lat' dir='ltr'>quam</span> <span class='ocrx_word' id='word_1_66' title='bbox 661 1178 741 1243; x_wconf 89' lang='lat' dir='ltr'>meis</span> <span class='ocrx_word' id='word_1_67' title='bbox 763 1185 828 1243; x_wconf 86' lang='lat' dir='ltr'>tam</span> <span class='ocrx_word' id='word_1_68' title='bbox 851 1179 979 1262; x_wconf 83' lang='lat' dir='ltr'>magnis</span> <span class='ocrx_word' id='word_1_69' title='bbox 1008 1177 1141 1244; x_wconf 88' lang='lat' dir='ltr'>auribus</span> <span class='ocrx_word' id='word_1_70' title='bbox 1164 1178 1247 1242; x_wconf 85' lang='lat' dir='ltr'>aoei-</span> 
     </span>
     <span class='ocr_line' id='line_1_10' title="bbox 66 1286 1216 1372; baseline 0 -20"><span class='ocrx_word' id='word_1_71' title='bbox 66 1289 167 1372; x_wconf 87' lang='lat' dir='ltr'>piens</span> <span class='ocrx_word' id='word_1_72' title='bbox 192 1286 269 1370; x_wconf 87' lang='lat' dir='ltr'>quid</span> <span class='ocrx_word' id='word_1_73' title='bbox 291 1287 379 1352; x_wconf 89' lang='lat' dir='ltr'>aliud</span> <span class='ocrx_word' id='word_1_74' title='bbox 403 1307 499 1371; x_wconf 89' lang='lat' dir='ltr'>quam</span> <span class='ocrx_word' id='word_1_75' title='bbox 527 1307 632 1352; x_wconf 87' lang='lat' dir='ltr'>meum</span> <span class='ocrx_word' id='word_1_76' title='bbox 660 1288 835 1354; x_wconf 85' lang='lat' dir='ltr'>erastinum</span> <span class='ocrx_word' id='word_1_77' title='bbox 863 1288 1022 1355; x_wconf 87' lang='lat' dir='ltr'>deflebam</span> <span class='ocrx_word' id='word_1_78' title='bbox 1053 1287 1216 1354; x_wconf 79' lang='lat' dir='ltr'>cadauer?</span> 
     </span>
    </p>
   </div>
   <div class='ocr_carea' id='block_1_3' title="bbox 524 1561 805 1666">
    <p class='ocr_par' dir='ltr' id='par_1_6' title="bbox 524 1561 805 1666">
     <span class='ocr_line' id='line_1_11' title="bbox 524 1561 805 1666; baseline 0.007 -2"><span class='ocrx_word' id='word_1_79' title='bbox 524 1561 708 1665; x_wconf 77' lang='lat' dir='ltr'>urana</span> <span class='ocrx_word' id='word_1_80' title='bbox 744 1601 805 1666; x_wconf 80' lang='lat' dir='ltr'>mr</span> 
     </span>
    </p>
   </div>
   <div class='ocr_carea' id='block_1_4' title="bbox 11 1810 1343 3882">
    <p class='ocr_par' dir='ltr' id='par_1_7' title="bbox 67 1810 1343 2229">
     <span class='ocr_line' id='line_1_12' title="bbox 153 1810 1343 1895; baseline 0.005 -21"><span class='ocrx_word' id='word_1_81' title='bbox 153 1811 196 1875; x_wconf 85' lang='lat' dir='ltr'>Vt</span> <span class='ocrx_word' id='word_1_82' title='bbox 209 1812 348 1895; x_wconf 91' lang='lat' dir='ltr'>primum</span> <span class='ocrx_word' id='word_1_83' title='bbox 359 1810 502 1878; x_wconf 88' lang='lat' dir='ltr'>tenebris</span> <span class='ocrx_word' id='word_1_84' title='bbox 517 1811 651 1878; x_wconf 80' lang='lat' dir='ltr'>abiectis</span> <span class='ocrx_word' id='word_1_85' title='bbox 666 1810 734 1877; x_wconf 87' lang='lat' dir='ltr'>dies</span> <span class='ocrx_word' id='word_1_86' title='bbox 749 1812 917 1878; x_wconf 85' lang='lat' dir='ltr'>inalbebat</span> <span class='ocrx_word' id='word_1_87' title='bbox 929 1819 962 1877; x_wconf 92' lang='lat' dir='ltr'>et</span> <span class='ocrx_word' id='word_1_88' title='bbox 975 1812 1147 1878; x_wconf 76' lang='lat' dir='ltr'>candidum</span> <span class='ocrx_word' id='word_1_89' title='bbox 1166 1815 1246 1880; x_wconf 85' lang='lat' dir='ltr'>solis</span> <span class='ocrx_word' id='word_1_90' title='bbox 1267 1816 1284 1880; x_wconf 94' lang='lat'><em>1</em></span> <span class='ocrx_word' id='word_1_91' title='bbox 1337 1854 1343 1862; x_wconf 86' lang='lat'><em>.</em></span> 
     </span>
     <span class='ocr_line' id='line_1_13' title="bbox 68 1921 1245 2006; baseline 0.002 -20"><span class='ocrx_word' id='word_1_92' title='bbox 68 1921 265 1986; x_wconf 85' lang='lat' dir='ltr'>ourrieulum</span> <span class='ocrx_word' id='word_1_93' title='bbox 289 1928 404 1987; x_wconf 88' lang='lat' dir='ltr'>eunota</span> <span class='ocrx_word' id='word_1_94' title='bbox 426 1921 659 2006; x_wconf 84' lang='lat' dir='ltr'>conlustrabat,</span> <span class='ocrx_word' id='word_1_95' title='bbox 689 1921 818 2006; x_wconf 88' lang='lat' dir='ltr'>quidam</span> <span class='ocrx_word' id='word_1_96' title='bbox 853 1922 894 1988; x_wconf 90' lang='lat' dir='ltr'>de</span> <span class='ocrx_word' id='word_1_97' title='bbox 924 1942 1057 1989; x_wconf 92' lang='lat' dir='ltr'>numero</span> <span class='ocrx_word' id='word_1_98' title='bbox 1085 1924 1245 1989; x_wconf 89' lang='lat' dir='ltr'>latronum</span> 
     </span>
     <span class='ocr_line' id='line_1_14' title="bbox 67 2031 1274 2118; baseline 0 -20"><span class='ocrx_word' id='word_1_99' title='bbox 67 2031 231 2118; x_wconf 91' lang='lat' dir='ltr'>peruenit.</span> <span class='ocrx_word' id='word_1_100' title='bbox 254 2032 300 2098; x_wconf 82' lang='lat' dir='ltr'>sie</span> <span class='ocrx_word' id='word_1_101' title='bbox 323 2032 408 2098; x_wconf 89' lang='lat' dir='ltr'>enim</span> <span class='ocrx_word' id='word_1_102' title='bbox 430 2039 560 2098; x_wconf 87' lang='lat' dir='ltr'>mutuae</span> <span class='ocrx_word' id='word_1_103' title='bbox 583 2031 787 2099; x_wconf 82' lang='lat' dir='ltr'>salutationis</span> <span class='ocrx_word' id='word_1_104' title='bbox 802 2032 942 2098; x_wconf 84' lang='lat' dir='ltr'>ottieium</span> <span class='ocrx_word' id='word_1_105' title='bbox 963 2032 1144 2099; x_wconf 64' lang='lat' dir='ltr'>indicabat]</span> <span class='ocrx_word' id='word_1_106' title='bbox 1160 2034 1189 2099; x_wconf 90' lang='lat' dir='ltr'>is</span> <span class='ocrx_word' id='word_1_107' title='bbox 1211 2035 1245 2098; x_wconf 92' lang='lat' dir='ltr'>in</span> <span class='ocrx_word' id='word_1_108' title='bbox 1268 2094 1274 2106; x_wconf 87' lang='grc'>,</span> 
     </span>
     <span class='ocr_line' id='line_1_15' title="bbox 67 2141 1246 2229; baseline 0.001 -22"><span class='ocrx_word' id='word_1_109' title='bbox 67 2141 177 2228; x_wconf 89' lang='lat' dir='ltr'>primo</span> <span class='ocrx_word' id='word_1_110' title='bbox 201 2143 374 2227; x_wconf 76' lang='lat' dir='ltr'>speluncae</span> <span class='ocrx_word' id='word_1_111' title='bbox 394 2141 485 2208; x_wconf 89' lang='lat' dir='ltr'>aditu</span> <span class='ocrx_word' id='word_1_112' title='bbox 506 2141 654 2210; x_wconf 82' lang='lat' dir='ltr'>residens</span> <span class='ocrx_word' id='word_1_113' title='bbox 683 2149 714 2206; x_wconf 90' lang='lat' dir='ltr'>et</span> <span class='ocrx_word' id='word_1_114' title='bbox 737 2162 778 2208; x_wconf 84' lang='lat' dir='ltr'>ex</span> <span class='ocrx_word' id='word_1_115' title='bbox 804 2142 949 2208; x_wconf 88' lang='lat' dir='ltr'>anhelitu</span> <span class='ocrx_word' id='word_1_116' title='bbox 977 2151 1106 2229; x_wconf 77' lang='lat' dir='ltr'>recepto</span> <span class='ocrx_word' id='word_1_117' title='bbox 1130 2143 1246 2228; x_wconf 88' lang='lat' dir='ltr'>spiritu</span> 
     </span>
    </p>

    <p class='ocr_par' dir='ltr' id='par_1_8' title="bbox 23 2252 766 2336">
     <span class='ocr_line' id='line_1_16' title="bbox 23 2252 766 2336; baseline 0.004 -22"><span class='ocrx_word' id='word_1_118' title='bbox 23 2268 49 2316; x_wconf 84' lang='lat'>15</span> <span class='ocrx_word' id='word_1_119' title='bbox 67 2254 138 2319; x_wconf 90' lang='lat' dir='ltr'>tale</span> <span class='ocrx_word' id='word_1_120' title='bbox 163 2253 299 2336; x_wconf 81' lang='lat' dir='ltr'>collegio</span> <span class='ocrx_word' id='word_1_121' title='bbox 323 2273 381 2320; x_wconf 92' lang='lat' dir='ltr'>suo</span> <span class='ocrx_word' id='word_1_122' title='bbox 402 2253 549 2319; x_wconf 90' lang='lat' dir='ltr'>nuntium</span> <span class='ocrx_word' id='word_1_123' title='bbox 572 2252 648 2318; x_wconf 81' lang='lat' dir='ltr'>lauit</span> <span class='ocrx_word' id='word_1_124' title='bbox 763 2273 766 2280; x_wconf 93' lang='lat'>·</span> 
     </span>
    </p>

    <p class='ocr_par' dir='ltr' id='par_1_9' title="bbox 66 2355 1248 2780">
     <span class='ocr_line' id='line_1_17' title="bbox 157 2355 1247 2448; baseline 0.001 -21"><span class='ocrx_word' id='word_1_125' title='bbox 157 2355 270 2442; x_wconf 81' lang='lat' dir='ltr'>‘Quod</span> <span class='ocrx_word' id='word_1_126' title='bbox 291 2362 334 2428; x_wconf 88' lang='lat' dir='ltr'>ad</span> <span class='ocrx_word' id='word_1_127' title='bbox 357 2361 485 2428; x_wconf 90' lang='lat' dir='ltr'>domurn</span> <span class='ocrx_word' id='word_1_128' title='bbox 515 2361 645 2429; x_wconf 77' lang='lat' dir='ltr'>Milonis</span> <span class='ocrx_word' id='word_1_129' title='bbox 673 2361 829 2448; x_wconf 87' lang='lat' dir='ltr'>Hypatini</span> <span class='ocrx_word' id='word_1_130' title='bbox 867 2383 963 2448; x_wconf 89' lang='lat' dir='ltr'>quam</span> <span class='ocrx_word' id='word_1_131' title='bbox 997 2364 1144 2446; x_wconf 84' lang='lat' dir='ltr'>proxime</span> <span class='ocrx_word' id='word_1_132' title='bbox 1166 2364 1247 2428; x_wconf 86' lang='lat' dir='ltr'>diri-</span> 
     </span>
     <span class='ocr_line' id='line_1_18' title="bbox 66 2458 1246 2559; baseline 0.003 -20"><span class='ocrx_word' id='word_1_133' title='bbox 66 2476 202 2559; x_wconf 90' lang='lat' dir='ltr'>puimus</span> <span class='ocrx_word' id='word_1_134' title='bbox 225 2474 373 2559; x_wconf 90' lang='lat' dir='ltr'>pertinet,</span> <span class='ocrx_word' id='word_1_135' title='bbox 398 2473 547 2541; x_wconf 76' lang='lat' dir='ltr'>discussa</span> <span class='ocrx_word' id='word_1_136' title='bbox 569 2458 784 2541; x_wconf 82' lang='lat' dir='ltr'>sollicitudine</span> <span class='ocrx_word' id='word_1_137' title='bbox 807 2475 872 2541; x_wconf 87' lang='lat' dir='ltr'>iam</span> <span class='ocrx_word' id='word_1_138' title='bbox 901 2495 1074 2559; x_wconf 85' lang='lat' dir='ltr'>possumus</span> <span class='ocrx_word' id='word_1_139' title='bbox 1097 2494 1171 2541; x_wconf 89' lang='lat' dir='ltr'>esse</span> <span class='ocrx_word' id='word_1_140' title='bbox 1194 2495 1246 2542; x_wconf 89' lang='lat' dir='ltr'>se·</span> 
     </span>
     <span class='ocr_line' id='line_1_19' title="bbox 67 2584 1248 2668; baseline 0.003 -18"><span class='ocrx_word' id='word_1_141' title='bbox 67 2588 149 2651; x_wconf 85' lang='lat' dir='ltr'>ouri.</span> <span class='ocrx_word' id='word_1_142' title='bbox 186 2591 357 2668; x_wconf 88' lang='lat' dir='ltr'>postquam</span> <span class='ocrx_word' id='word_1_143' title='bbox 391 2604 448 2651; x_wconf 93' lang='lat' dir='ltr'>uos</span> <span class='ocrx_word' id='word_1_144' title='bbox 481 2584 567 2649; x_wconf 88' lang='lat' dir='ltr'>enim</span> <span class='ocrx_word' id='word_1_145' title='bbox 600 2584 784 2653; x_wconf 82' lang='lat' dir='ltr'>fortissimis</span> <span class='ocrx_word' id='word_1_146' title='bbox 816 2584 940 2651; x_wconf 91' lang='lat' dir='ltr'>uiribus</span> <span class='ocrx_word' id='word_1_147' title='bbox 973 2585 1095 2651; x_wconf 83' lang='lat' dir='ltr'>eunetis</span> <span class='ocrx_word' id='word_1_148' title='bbox 1128 2586 1248 2653; x_wconf 86' lang='lat' dir='ltr'>ablatis</span> 
     </span>
     <span class='ocr_line' id='line_1_20' title="bbox 68 2694 1247 2780; baseline 0.001 -21"><span class='ocrx_word' id='word_1_149' title='bbox 68 2702 180 2763; x_wconf 87' lang='lat' dir='ltr'>eastra</span> <span class='ocrx_word' id='word_1_150' title='bbox 202 2702 314 2761; x_wconf 89' lang='lat' dir='ltr'>nostra</span> <span class='ocrx_word' id='word_1_151' title='bbox 334 2695 519 2776; x_wconf 73' lang='lat' dir='ltr'>temeratis,</span> <span class='ocrx_word' id='word_1_152' title='bbox 542 2694 707 2760; x_wconf 84' lang='lat' dir='ltr'>immixtus</span> <span class='ocrx_word' id='word_1_153' title='bbox 728 2714 789 2778; x_wconf 85' lang='lat' dir='ltr'>ego</span> <span class='ocrx_word' id='word_1_154' title='bbox 811 2695 945 2762; x_wconf 88' lang='lat' dir='ltr'>turbelis</span> <span class='ocrx_word' id='word_1_155' title='bbox 966 2695 1169 2780; x_wconf 90' lang='lat' dir='ltr'>popularium</span> <span class='ocrx_word' id='word_1_156' title='bbox 1193 2695 1247 2761; x_wconf 93' lang='lat' dir='ltr'>do-</span> 
     </span>
    </p>

    <p class='ocr_par' dir='ltr' id='par_1_10' title="bbox 23 2803 1292 3330">
     <span class='ocr_line' id='line_1_21' title="bbox 23 2803 1246 2890; baseline 0.001 -20"><span class='ocrx_word' id='word_1_157' title='bbox 23 2806 217 2889; x_wconf 66' lang='lat' dir='ltr'>ualentique</span> <span class='ocrx_word' id='word_1_158' title='bbox 248 2811 345 2888; x_wconf 88' lang='lat' dir='ltr'>atque</span> <span class='ocrx_word' id='word_1_159' title='bbox 377 2803 560 2888; x_wconf 80' lang='lat' dir='ltr'>indignanti</span> <span class='ocrx_word' id='word_1_160' title='bbox 594 2805 710 2869; x_wconf 89' lang='lat' dir='ltr'>similis</span> <span class='ocrx_word' id='word_1_161' title='bbox 742 2805 925 2871; x_wconf 86' lang='lat' dir='ltr'>arbitrabar</span> <span class='ocrx_word' id='word_1_162' title='bbox 952 2824 1051 2888; x_wconf 87' lang='lat' dir='ltr'>super</span> <span class='ocrx_word' id='word_1_163' title='bbox 1072 2804 1246 2890; x_wconf 84' lang='lat' dir='ltr'>inuestiga-</span> 
     </span>
     <span class='ocr_line' id='line_1_22' title="bbox 68 2914 1246 3000; baseline 0.002 -20"><span class='ocrx_word' id='word_1_164' title='bbox 68 2916 161 2981; x_wconf 88' lang='lat' dir='ltr'>tione</span> <span class='ocrx_word' id='word_1_165' title='bbox 182 2914 258 2979; x_wconf 83' lang='lat' dir='ltr'>laeti</span> <span class='ocrx_word' id='word_1_166' title='bbox 281 2914 372 2981; x_wconf 87' lang='lat' dir='ltr'>onius</span> <span class='ocrx_word' id='word_1_167' title='bbox 399 2914 488 2981; x_wconf 91' lang='lat' dir='ltr'>modi</span> <span class='ocrx_word' id='word_1_168' title='bbox 518 2915 687 2981; x_wconf 87' lang='lat' dir='ltr'>eonsilium</span> <span class='ocrx_word' id='word_1_169' title='bbox 709 2922 862 2999; x_wconf 85' lang='lat' dir='ltr'>caperent</span> <span class='ocrx_word' id='word_1_170' title='bbox 890 2921 921 2980; x_wconf 92' lang='lat' dir='ltr'>et</span> <span class='ocrx_word' id='word_1_171' title='bbox 949 2935 992 2980; x_wconf 86' lang='lat' dir='ltr'>an</span> <span class='ocrx_word' id='word_1_172' title='bbox 1025 2922 1058 2981; x_wconf 91' lang='lat' dir='ltr'>et</span> <span class='ocrx_word' id='word_1_173' title='bbox 1086 2922 1246 3000; x_wconf 86' lang='lat' dir='ltr'>quatenus</span> 
     </span>
     <span class='ocr_line' id='line_1_23' title="bbox 68 3024 1245 3117; baseline 0.002 -26"><span class='ocrx_word' id='word_1_174' title='bbox 68 3028 217 3093; x_wconf 87' lang='lat' dir='ltr'>latrones</span> <span class='ocrx_word' id='word_1_175' title='bbox 239 3025 382 3110; x_wconf 86' lang='lat' dir='ltr'>plaoeret</span> <span class='ocrx_word' id='word_1_176' title='bbox 403 3024 533 3108; x_wconf 84' lang='lat' dir='ltr'>inquiri,</span> <span class='ocrx_word' id='word_1_177' title='bbox 556 3025 795 3117; x_wconf 83' lang='lat' dir='ltr'>renuntiaturus</span> <span class='ocrx_word' id='word_1_178' title='bbox 818 3025 911 3090; x_wconf 90' lang='lat' dir='ltr'>uobis</span> <span class='ocrx_word' id='word_1_179' title='bbox 934 3025 980 3089; x_wconf 92' lang='lat' dir='ltr'>uti</span> <span class='ocrx_word' id='word_1_180' title='bbox 1002 3025 1245 3093; x_wconf 86' lang='lat' dir='ltr'>mandaueratis</span> 
     </span>
     <span class='ocr_line' id='line_1_24' title="bbox 69 3134 1246 3220; baseline 0 -19"><span class='ocrx_word' id='word_1_181' title='bbox 69 3135 191 3201; x_wconf 89' lang='lat' dir='ltr'>omnia.</span> <span class='ocrx_word' id='word_1_182' title='bbox 214 3154 275 3199; x_wconf 89' lang='lat' dir='ltr'>neo</span> <span class='ocrx_word' id='word_1_183' title='bbox 296 3135 495 3219; x_wconf 83' lang='lat' dir='ltr'>argumentis</span> <span class='ocrx_word' id='word_1_184' title='bbox 517 3135 624 3201; x_wconf 91' lang='lat' dir='ltr'>dubiis</span> <span class='ocrx_word' id='word_1_185' title='bbox 647 3135 705 3200; x_wconf 89' lang='lat' dir='ltr'>sed</span> <span class='ocrx_word' id='word_1_186' title='bbox 726 3134 905 3201; x_wconf 86' lang='lat' dir='ltr'>rationibus</span> <span class='ocrx_word' id='word_1_187' title='bbox 928 3134 1151 3220; x_wconf 90' lang='lat' dir='ltr'>probabilibus</span> <span class='ocrx_word' id='word_1_188' title='bbox 1173 3154 1246 3201; x_wconf 76' lang='lat' dir='ltr'>oon</span> 
     </span>
     <span class='ocr_line' id='line_1_25' title="bbox 68 3238 1292 3330; baseline 0.001 -19"><span class='ocrx_word' id='word_1_189' title='bbox 68 3266 151 3330; x_wconf 84' lang='lat' dir='ltr'>gruo</span> <span class='ocrx_word' id='word_1_190' title='bbox 175 3252 309 3311; x_wconf 84' lang='lat' dir='ltr'>eunotae</span> <span class='ocrx_word' id='word_1_191' title='bbox 338 3244 552 3311; x_wconf 91' lang='lat' dir='ltr'>multitudinis</span> <span class='ocrx_word' id='word_1_192' title='bbox 583 3264 743 3311; x_wconf 80' lang='lat' dir='ltr'>consensu</span> <span class='ocrx_word' id='word_1_193' title='bbox 772 3244 881 3311; x_wconf 87' lang='lat' dir='ltr'>neseio</span> <span class='ocrx_word' id='word_1_194' title='bbox 910 3245 965 3328; x_wconf 90' lang='lat' dir='ltr'>qui</span> <span class='ocrx_word' id='word_1_195' title='bbox 987 3245 1105 3312; x_wconf 87' lang='lat' dir='ltr'>Luoius</span> <span class='ocrx_word' id='word_1_196' title='bbox 1134 3252 1246 3313; x_wconf 87' lang='lat' dir='ltr'>auotor</span> <span class='ocrx_word' id='word_1_197' title='bbox 1286 3238 1292 3247; x_wconf 85' lang='grc'><em>’</em></span> 
     </span>
    </p>

    <p class='ocr_par' dir='ltr' id='par_1_11' title="bbox 11 3329 1246 3659">
     <span class='ocr_line' id='line_1_26' title="bbox 11 3329 1246 3462; baseline 0.003 -42"><span class='ocrx_word' id='word_1_198' title='bbox 11 3329 52 3462; x_wconf 57' lang='lat'><strong>8²8⁵]</strong></span> <span class='ocrx_word' id='word_1_199' title='bbox 68 3355 263 3423; x_wconf 81' lang='lat' dir='ltr'>manifestus</span> <span class='ocrx_word' id='word_1_200' title='bbox 300 3355 452 3422; x_wconf 87' lang='lat' dir='ltr'>taoinoris</span> <span class='ocrx_word' id='word_1_201' title='bbox 483 3353 721 3440; x_wconf 83' lang='lat' dir='ltr'>postulabatur,</span> <span class='ocrx_word' id='word_1_202' title='bbox 753 3355 808 3437; x_wconf 89' lang='lat' dir='ltr'>qui</span> <span class='ocrx_word' id='word_1_203' title='bbox 835 3354 991 3439; x_wconf 86' lang='lat' dir='ltr'>proximis</span> <span class='ocrx_word' id='word_1_204' title='bbox 1019 3354 1134 3424; x_wconf 90' lang='lat' dir='ltr'>diebus</span> <span class='ocrx_word' id='word_1_205' title='bbox 1162 3357 1246 3424; x_wconf 81' lang='lat' dir='ltr'>fictis</span> 
     </span>
     <span class='ocr_line' id='line_1_27' title="bbox 70 3465 1245 3535; baseline 0.002 -4"><span class='ocrx_word' id='word_1_206' title='bbox 70 3466 350 3535; x_wconf 76' lang='lat' dir='ltr'>sommendatiuiis</span> <span class='ocrx_word' id='word_1_207' title='bbox 376 3465 493 3533; x_wconf 88' lang='lat' dir='ltr'>litteris</span> <span class='ocrx_word' id='word_1_208' title='bbox 514 3465 627 3531; x_wconf 88' lang='lat' dir='ltr'>Miloni</span> <span class='ocrx_word' id='word_1_209' title='bbox 649 3484 722 3531; x_wconf 88' lang='lat' dir='ltr'>sese</span> <span class='ocrx_word' id='word_1_210' title='bbox 744 3465 849 3529; x_wconf 88' lang='lat' dir='ltr'>uirum</span> <span class='ocrx_word' id='word_1_211' title='bbox 879 3467 1103 3533; x_wconf 86' lang='lat' dir='ltr'>commentitus</span> <span class='ocrx_word' id='word_1_212' title='bbox 1126 3467 1245 3533; x_wconf 92' lang='lat' dir='ltr'>bonum</span> 
     </span>
     <span class='ocr_line' id='line_1_28' title="bbox 69 3575 1246 3659; baseline 0.002 -16"><span class='ocrx_word' id='word_1_213' title='bbox 69 3578 175 3645; x_wconf 89' lang='lat' dir='ltr'>artius</span> <span class='ocrx_word' id='word_1_214' title='bbox 200 3576 428 3642; x_wconf 77' lang='lat' dir='ltr'>conciliauerat</span> <span class='ocrx_word' id='word_1_215' title='bbox 449 3583 484 3642; x_wconf 90' lang='lat' dir='ltr'>ut</span> <span class='ocrx_word' id='word_1_216' title='bbox 506 3576 604 3642; x_wconf 86' lang='lat' dir='ltr'>etiam</span> <span class='ocrx_word' id='word_1_217' title='bbox 624 3575 765 3659; x_wconf 88' lang='lat' dir='ltr'>hospitio</span> <span class='ocrx_word' id='word_1_218' title='bbox 781 3583 950 3659; x_wconf 83' lang='lat' dir='ltr'>susceptus</span> <span class='ocrx_word' id='word_1_219' title='bbox 971 3576 1055 3643; x_wconf 89' lang='lat' dir='ltr'>inter</span> <span class='ocrx_word' id='word_1_220' title='bbox 1069 3577 1246 3648; x_wconf 83' lang='lat' dir='ltr'>familiares</span> 
     </span>
    </p>

    <p class='ocr_par' dir='ltr' id='par_1_12' title="bbox 11 3670 1248 3882">
     <span class='ocr_line' id='line_1_29' title="bbox 11 3670 1244 3771; baseline 0.004 -22"><span class='ocrx_word' id='word_1_221' title='bbox 11 3670 12 3677; x_wconf 7' lang='grc' dir='ltr'>ἵ</span> <span class='ocrx_word' id='word_1_222' title='bbox 69 3688 204 3757; x_wconf 89' lang='lat' dir='ltr'>intimos</span> <span class='ocrx_word' id='word_1_223' title='bbox 226 3685 400 3753; x_wconf 88' lang='lat' dir='ltr'>haberetur</span> <span class='ocrx_word' id='word_1_224' title='bbox 422 3687 642 3771; x_wconf 78' lang='lat' dir='ltr'>plusculisque</span> <span class='ocrx_word' id='word_1_225' title='bbox 663 3684 784 3751; x_wconf 88' lang='lat' dir='ltr'>ibidem</span> <span class='ocrx_word' id='word_1_226' title='bbox 807 3684 921 3753; x_wconf 90' lang='lat' dir='ltr'>diebus</span> <span class='ocrx_word' id='word_1_227' title='bbox 943 3686 1129 3762; x_wconf 85' lang='lat' dir='ltr'>demoratus</span> <span class='ocrx_word' id='word_1_228' title='bbox 1151 3687 1244 3755; x_wconf 89' lang='lat' dir='ltr'>falsis</span> 
     </span>
     <span class='ocr_line' id='line_1_30' title="bbox 71 3796 1248 3882; baseline 0.002 -21"><span class='ocrx_word' id='word_1_229' title='bbox 71 3797 238 3862; x_wconf 86' lang='lat' dir='ltr'>amoribus</span> <span class='ocrx_word' id='word_1_230' title='bbox 271 3796 409 3863; x_wconf 78' lang='lat' dir='ltr'>ansillae</span> <span class='ocrx_word' id='word_1_231' title='bbox 436 3798 566 3863; x_wconf 86' lang='lat' dir='ltr'>Milonis</span> <span class='ocrx_word' id='word_1_232' title='bbox 602 3796 744 3861; x_wconf 82' lang='lat' dir='ltr'>animum</span> <span class='ocrx_word' id='word_1_233' title='bbox 781 3797 934 3882; x_wconf 89' lang='lat' dir='ltr'>inrepens</span> <span class='ocrx_word' id='word_1_234' title='bbox 966 3797 1084 3865; x_wconf 88' lang='lat' dir='ltr'>ianuae</span> <span class='ocrx_word' id='word_1_235' title='bbox 1105 3799 1248 3864; x_wconf 83' lang='lat' dir='ltr'>elaustro</span> 
     </span>
    </p>
   </div>
   <div class='ocr_carea' id='block_1_5' title="bbox 72 4078 1315 4287">
    <p class='ocr_par' dir='ltr' id='par_1_13' title="bbox 72 4078 1315 4245">
     <span class='ocr_line' id='line_1_31' title="bbox 141 4078 1247 4155; baseline -0.002 -20"><span class='ocrx_word' id='word_1_236' title='bbox 141 4086 158 4135; x_wconf 85' lang='lat'>4</span> <span class='ocrx_word' id='word_1_237' title='bbox 175 4081 262 4137; x_wconf 83' lang='lat' dir='ltr'>fetore</span> <span class='ocrx_word' id='word_1_238' title='bbox 279 4083 305 4134; x_wconf 84' lang='lat' dir='ltr'><em>F</em></span> <span class='ocrx_word' id='word_1_239' title='bbox 389 4086 404 4136; x_wconf 83' lang='lat'>9</span> <span class='ocrx_word' id='word_1_240' title='bbox 422 4083 604 4155; x_wconf 81' lang='lat' dir='ltr'>subscriptam</span> <span class='ocrx_word' id='word_1_241' title='bbox 622 4088 677 4150; x_wconf 71' lang='lat' dir='ltr'>(go</span> <span class='ocrx_word' id='word_1_242' title='bbox 696 4080 827 4135; x_wconf 81' lang='lat' dir='ltr'>tallultrul</span> <span class='ocrx_word' id='word_1_243' title='bbox 844 4078 849 4144; x_wconf 90' lang='grc' dir='ltr'>Ι</span> <span class='ocrx_word' id='word_1_244' title='bbox 867 4082 919 4152; x_wconf 76' lang='lat' dir='ltr'>legi</span> <span class='ocrx_word' id='word_1_245' title='bbox 936 4082 960 4136; x_wconf 72' lang='lat' dir='ltr'>b</span> <span class='ocrx_word' id='word_1_246' title='bbox 977 4080 1083 4138; x_wconf 85' lang='lat' dir='ltr'>emdaur</span> <span class='ocrx_word' id='word_1_247' title='bbox 1091 4097 1164 4137; x_wconf 89' lang='lat' dir='ltr'>rome</span> <span class='ocrx_word' id='word_1_248' title='bbox 1172 4081 1247 4138; x_wconf 76' lang='lat' dir='ltr'>felix</span> 
     </span>
     <span class='ocr_line' id='line_1_32' title="bbox 72 4176 1315 4287; baseline -0.001 -58"><span class='ocrx_word' id='word_1_249' title='bbox 72 4190 347 4231; x_wconf 73' lang='lat' dir='ltr'>maranoarnosnor</span> <span class='ocrx_word' id='word_1_250' title='bbox 383 4194 438 4231; x_wconf 82' lang='lat' dir='ltr'>nra.</span> <span class='ocrx_word' id='word_1_251' title='bbox 464 4193 502 4230; x_wconf 87' lang='lat' dir='ltr'>vr</span> <span class='ocrx_word' id='word_1_252' title='bbox 528 4176 622 4287; x_wconf 64' lang='lat' dir='ltr'>explic</span> <span class='ocrx_word' id='word_1_253' title='bbox 639 4179 714 4231; x_wconf 68' lang='lat' dir='ltr'><strong>INE‘IP</strong></span> <span class='ocrx_word' id='word_1_254' title='bbox 732 4195 791 4231; x_wconf 81' lang='lat' dir='ltr'>nm</span> <span class='ocrx_word' id='word_1_255' title='bbox 814 4191 864 4229; x_wconf 87' lang='lat' dir='ltr'>vn</span> <span class='ocrx_word' id='word_1_256' title='bbox 881 4176 1010 4231; x_wconf 77' lang='lat' dir='ltr'>lehem</span> <span class='ocrx_word' id='word_1_257' title='bbox 998 4194 1027 4231; x_wconf 83' lang='lat' dir='ltr'>m</span> <span class='ocrx_word' id='word_1_258' title='bbox 1044 4176 1072 4229; x_wconf 99' lang='lat' dir='ltr'><em>F</em></span> <span class='ocrx_word' id='word_1_259' title='bbox 1156 4181 1184 4229; x_wconf 88' lang='lat'>11</span> <span class='ocrx_word' id='word_1_260' title='bbox 1203 4192 1246 4242; x_wconf 83' lang='lat' dir='ltr'>m·</span> <span class='ocrx_word' id='word_1_261' title='bbox 1310 4187 1315 4195; x_wconf 83' lang='lat'><strong>·</strong></span> 
     </span>
    </p>
   </div>
   <div class='ocr_carea' id='block_1_6' title="bbox 72 4245 1243 4458">
    <p class='ocr_par' dir='ltr' id='par_1_14' title="bbox 72 4245 1243 4458">
     <span class='ocr_line' id='line_1_33' title="bbox 72 4245 1243 4364; baseline -0.003 -16"><span class='ocrx_word' id='word_1_262' title='bbox 72 4245 212 4349; x_wconf 61' lang='lat' dir='ltr'>albebatF</span> <span class='ocrx_word' id='word_1_263' title='bbox 278 4300 309 4348; x_wconf 86' lang='grc'>14</span> <span class='ocrx_word' id='word_1_264' title='bbox 327 4295 427 4350; x_wconf 89' lang='lat' dir='ltr'>anehtu</span> <span class='ocrx_word' id='word_1_265' title='bbox 446 4296 474 4350; x_wconf 90' lang='lat' dir='ltr'><em>F</em></span> <span class='ocrx_word' id='word_1_266' title='bbox 540 4300 569 4348; x_wconf 83' lang='lat'>15</span> <span class='ocrx_word' id='word_1_267' title='bbox 588 4293 653 4349; x_wconf 80' lang='lat' dir='ltr'>facit</span> <span class='ocrx_word' id='word_1_268' title='bbox 670 4295 699 4350; x_wconf 91' lang='lat' dir='ltr'><em>F</em></span> <span class='ocrx_word' id='word_1_269' title='bbox 784 4300 813 4350; x_wconf 87' lang='grc'>19</span> <span class='ocrx_word' id='word_1_270' title='bbox 832 4293 973 4364; x_wconf 80' lang='lat' dir='ltr'>coitrap:</span> <span class='ocrx_word' id='word_1_271' title='bbox 990 4295 1093 4349; x_wconf 82' lang='lat' dir='ltr'>erartra</span> <span class='ocrx_word' id='word_1_272' title='bbox 1111 4292 1138 4346; x_wconf 87' lang='lat' dir='ltr'><em>F</em></span> <span class='ocrx_word' id='word_1_273' title='bbox 1212 4295 1243 4345; x_wconf 79' lang='grc'>11</span> 
     </span>
     <span class='ocr_line' id='line_1_34' title="bbox 73 4378 906 4458; baseline -0.001 -17"><span class='ocrx_word' id='word_1_274' title='bbox 73 4378 180 4457; x_wconf 77' lang='lat' dir='ltr'>caper&amp;</span> <span class='ocrx_word' id='word_1_275' title='bbox 199 4386 231 4452; x_wconf 87' lang='lat' dir='ltr'>F,</span> <span class='ocrx_word' id='word_1_276' title='bbox 250 4387 326 4457; x_wconf 80' lang='lat' dir='ltr'>cap&amp;</span> <span class='ocrx_word' id='word_1_277' title='bbox 343 4406 372 4458; x_wconf 83' lang='grc' dir='ltr'><em>φ</em></span> <span class='ocrx_word' id='word_1_278' title='bbox 392 4394 534 4458; x_wconf 79' lang='lat' dir='ltr'>caperetur</span> <span class='ocrx_word' id='word_1_279' title='bbox 552 4388 665 4443; x_wconf 78' lang='lat' dir='ltr'>coniecit</span> <span class='ocrx_word' id='word_1_280' title='bbox 690 4387 906 4445; x_wconf 76' lang='lat' dir='ltr'>Hildebraadius</span> 
     </span>
    </p>
   </div>
   <div class='ocr_carea' id='block_1_7' title="bbox 0 0 1472 4900">
    <p class='ocr_par' dir='ltr' id='par_1_15' title="bbox 0 0 1472 4900">
     <span class='ocr_line' id='line_1_35' title="bbox 0 0 1472 4900; baseline 0 0"><span class='ocrx_word' id='word_1_281' title='bbox 0 0 1472 4900; x_wconf 95' lang='lat' dir='ltr'> </span> 
     </span>
    </p>
   </div>
  </div>
 </body>
</html>
