2934 4900
502 277 576 349 oss.
599 275 824 326 xxv-xxvrn
1202 259 1245 321 35

70 427 170 493 etiarn
200 426 390 493 uerberibus
419 427 519 494 luisse
550 426 661 493 merito
692 426 872 510 consentio,
902 447 976 495 ecce
1005 427 1070 494 iam
1098 427 1244 493 ultimum
1310 438 1313 443 ⁴

69 537 209 606 defletus
233 544 329 622 atque
351 539 568 605 conclamatus
596 546 798 624 processerat
826 546 968 606 mortuus
991 539 1117 623 rituque
1138 539 1246 623 patrio

68 655 182 733 utpote
205 669 288 716 unus
311 647 351 714 de
375 648 581 734 optimatibus
609 670 729 735 pompa
758 649 879 716 funeris
904 649 1025 734 publici
1054 648 1244 732 ductabatur

66 779 128 844 per
143 759 257 824 forum.
295 759 432 825 occurrit
446 757 489 821 od
509 760 590 822 lctus
613 759 743 844 quidam
758 767 900 826 maestus
922 760 956 824 in
976 759 1119 826 lacrimis
1134 759 1246 843 genia·
1309 843 1313 850 .

30 871 133 935 alem
162 869 315 934 canitiem
345 869 506 936 reuellens
537 889 637 936 senex
659 876 690 935 et
712 869 862 936 manibus
891 869 1049 936 ambabus
1081 868 1245 935 inuadens

65 988 173 1044 torum
196 998 275 1046 noce
298 985 447 1044 contenta
470 979 599 1064 quidem
623 978 681 1046 sed
702 979 850 1047 adsiduis
872 979 1065 1064 singultibus
1087 977 1246 1064 impedita

64 1084 139 1175 ‘per
167 1089 265 1155 fidem
293 1081 449 1156 uestram'
484 1090 589 1173 inquit
607 1084 778 1170 ‘Quirites
811 1109 869 1175 per
898 1090 1051 1175 pietatem
1080 1089 1243 1176 publicam

65 1209 237 1286 perempto
252 1200 315 1265 ciui
337 1199 502 1267 subsistite
525 1208 555 1266 ct
578 1207 754 1266 extremum
770 1201 893 1266 facinus
915 1201 949 1265 in
972 1200 1128 1294 nefariam
1144 1201 1242 1266 scele-

67 1319 219 1395 stamque
247 1310 342 1376 istam
375 1311 526 1376 feminam
559 1311 715 1377 seueritcr
743 1311 916 1377 uindicate.
958 1309 1041 1376 haec
1069 1311 1154 1389 enim
1182 1329 1245 1377 nec

14 1428 44 1476 to
66 1423 154 1488 ullus
179 1421 263 1487 alius
286 1420 437 1488 miserum
453 1420 702 1504 adulescentem,
726 1422 845 1488 sororis
868 1441 959 1486 meae
974 1421 1074 1485 filium
1095 1421 1130 1486 in
1151 1419 1244 1486 adul·

65 1533 129 1598 teri
152 1532 291 1615 gratiam
315 1537 347 1596 et
369 1530 409 1595 ob
431 1531 586 1616 praedam
601 1530 837 1598 bereditarium
860 1532 997 1597 extinxit
1018 1523 1168 1597 ueneno'

156 1643 211 1709 Sic
238 1643 293 1706 ille
321 1641 429 1708 senior
456 1641 682 1709 lamentabiles
710 1650 843 1723 questus
872 1642 1009 1726 singulis
1031 1640 1241 1725 instrepebat.

64 1753 198 1819 saeuire
221 1752 338 1836 uulgus
367 1751 528 1816 interdum
551 1758 582 1816 et
604 1751 679 1816 iacti
702 1753 772 1818 ueri
801 1751 1010 1819 similitudine
1032 1751 1074 1817 ad
1098 1751 1241 1818 criminis

64 1862 293 1928 credulitatem
314 1861 447 1947 impelli.
484 1863 686 1928 conclamant
707 1863 831 1946 ignem,
854 1863 1022 1944 requirunt
1044 1882 1140 1944 saxa,
1169 1882 1240 1946 par·

13 1985 42 2033 15
63 1974 162 2039 unlos
191 1971 234 2037 ad
257 1971 388 2036 exitium
416 1972 560 2038 mulieris
588 1971 765 2038 hortantur.
803 1971 986 2056 emeditatis
1016 1970 1162 2037 adhaec
1184 1972 1242 2037 illa

62 2083 198 2149 fletibus
229 2100 388 2166 quamque
411 2081 614 2149 sanctissime
633 2066 768 2167 'poterat
790 2081 944 2150 adiurans
972 2089 1087 2148 cuncta
1107 2082 1242 2148 numina

62 2201 195 2259 tantum
218 2192 323 2260 scelus
345 2192 518 2259 abnuebat.
842 2280 849 2290 .

5 2317 41 2379 tt]
153 2305 239 2387 Ergo
254 2301 353 2388 igitur
376 2323 476 2371 senex
496 2303 551 2369 ille
571 2296 729 2372 ‘ueritatis
751 2277 918 2370 arbitrium
940 2303 975 2368 in
997 2303 1145 2368 diuinam
1165 2308 1239 2382 111οΪ
1252 2303 1395 2370 XXVIII

61 2414 245 2482 uidentiam
269 2413 473 2501 reponamus.
511 2412 663 2481 Zatchlas
686 2414 779 2482 adest
792 2414 973 2501 Aegyptius
995 2413 1154 2500 propheta
1175 2410 1238 2497 pri·

9 2542 39 2589 ao
60 2527 189 2591 marius
205 2525 259 2609 qui
281 2545 405 2591 mecum
420 2525 483 2591 iam
501 2524 620 2590 dudum
642 2525 759 2609 grandi
780 2525 924 2611 praemio
939 2526 1064 2610 pepigit
1085 2523 1239 2591 reducere

60 2636 235 2722 paulisper
258 2635 299 2699 ab
322 2635 433 2701 inferis
448 2636 595 2720 spiritum
618 2655 798 2721 corpusque
818 2634 906 2703 istud
927 2634 1112 2721 postlimino
1129 2633 1239 2698 mortis

60 2739 227 2813 animare'
268 2751 299 2809 et
330 2764 401 2811 cum
435 2744 519 2811 dicto
553 2747 703 2813 iuuenem
737 2747 919 2831 quempiam
952 2746 1060 2812 linteis
1092 2743 1239 2810 amiculis

59 2858 218 2922 iniectum
241 2854 405 2941 pedesque
427 2856 564 2941 palmeis
586 2855 699 2923 baxeis
721 2856 885 2922 inductum
903 2863 935 2923 et
957 2857 1102 2939 adusque
1124 2852 1239 2919 deraso

60 2968 173 3053 capite
202 2964 349 3050 producit
378 2965 411 3030 iu
440 2965 590 3031 medium.
627 2966 723 3033 huius
753 2966 808 3031 diu
839 2988 953 3033 manus
982 2966 1185 3033 deosculatus
1209 2970 1240 3028 et

8 3084 38 3131 ‘5
59 3080 138 3163 ipsa
170 3096 278 3160 genua
299 3075 487 3160 contingens
514 3068 694 3144 ‘miserere'
729 3077 775 3141 ait
798 3068 972 3157 ‘sacerdos
1001 3077 1153 3141 miserere
1181 3094 1240 3158 per

59 3187 222 3255 caelestia
245 3185 368 3268 sidera,
398 3205 456 3270 per
478 3186 606 3253 inferna
626 3186 776 3268 numina,
806 3207 865 3271 per
886 3187 1046 3251 naturalia
1068 3187 1237 3268 elementa,

57 3318 120 3381 per
144 3304 302 3362 nocturna
324 3296 455 3362 silentia
476 3304 508 3361 et
530 3296 630 3382 adyta
652 3296 786 3381 Coptica
808 3304 840 3363 et
860 3316 918 3383 per
939 3296 1136 3362 incrementa
1152 3294 1238 3360 Nilo·

56 3409 124 3473 tica
150 3414 182 3472 et
204 3426 323 3472 arcana
344 3406 552 3491 Memphitica
574 3412 605 3471 et
628 3407 724 3473 sistra
746 3389 931 3474 Phodaca(
951 3406 994 3472 da
1015 3406 1145 3473 breuem
1161 3407 1239 3504 solis
1290 3402 1294 3413 “

67 3550 330 3561 ...--——-——--..-
350 3555 358 3559 -

130 3639 147 3687 4
168 3633 202 3687 ad
219 3630 302 3701 latus]
320 3631 448 3687 adhsatul
469 3632 521 3702 Pp,
540 3636 645 3687 atratus
669 3634 784 3701 coniecit
800 3632 1028 3697 Hildebroadius,
1053 3649 1088 3686 an
1107 3632 1239 3700 adgnatos

56 3726 255 3782 scribendum?
330 3730 343 3778 7
362 3721 472 3796 puphca
489 3726 560 3796 F¹p
644 3730 660 3779 9
678 3731 808 3779 reuenter
825 3743 895 3782 corr.
914 3744 932 3780 a
948 3742 1001 3781 sec.
1019 3742 1101 3778 mauu
1118 3726 1146 3778 in
1165 3726 1238 3779 leue-

56 3828 128 3874 rrter
148 3822 178 3874 r'n
196 3820 228 3885 F,
247 3838 264 3873 a
276 3836 323 3891 pr.
342 3836 423 3873 mono
442 3821 508 3888 r'ap
592 3823 622 3872 11
642 3805 802 3873 crudelitatis
820 3819 863 3889 Fp
952 3823 983 3873 19
1007 3819 1133 3872 Zatchlas
1147 3820 1186 3872 sic
1204 3819 1238 3883 F,

57 3901 247 4001 Zachastccld.
275 3940 303 3992 rb
326 3954 412 4009 marp.
438 3938 550 3995 Tachalt
579 3958 607 4007 φ,
634 3937 741 3991 Tachos
768 3938 882 3992 coniecit
898 3935 1050 3991 Salmasius
1123 3938 1197 4006 ppha
1214 3936 1244 3989 F

58 4038 91 4085 ’11
107 4032 326 4103 posterioria
345 4031 514 4085 deosculatus
540 4033 567 4085 ab
585 4048 640 4084 ras.
659 4032 687 4083 iu
704 4032 737 4095 F,
764 4030 933 4085 deosculatus
948 4050 967 4099 φ
1060 4034 1091 4082 2⁷
1111 4036 1138 4083 et
1155 4028 1237 4098 adyta

58 4124 180 4193 Coptica
215 4121 354 4194 Soaliper:
388 4128 409 4173 ἃ
442 4126 540 4192 adepta
564 4125 622 4184 (sed
648 4131 660 4177 t
685 4126 739 4177 uix
768 4132 818 4181 estt
852 4129 995 4192 coeptrtroa
1023 4122 1061 4187 F,
1092 4122 1116 4175 dr
1151 4122 1238 4190 adepa

57 4216 109 4271 sed
126 4231 165 4286 pa
184 4216 284 4270 litteola
301 4218 393 4271 iuncto
411 4222 474 4269 sant
497 4218 619 4285 sortasse
636 4234 645 4270 1
662 4218 844 4285 significante)
873 4218 1045 4286 cooleptrtrca
1071 4225 1165 4287 (supra
1188 4215 1237 4270 od-

57 4310 117 4363 dr'to
146 4304 181 4363 .1'.
202 4314 320 4363 cotatroa
337 4314 428 4378 coprta
446 4326 471 4363 r.
488 4308 640 4377 laudabrlral
663 4302 695 4362 .l'.
715 4310 856 4378 eprdrctrra
879 4310 1051 4379 docur'ntalp
1129 4312 1161 4362 18
1179 4301 1237 4366 me-

56 4402 139 4457 fitrca
158 4401 187 4456 F
262 4401 363 4455 ferrara
380 4402 409 4455 F

999 4490 1030 4540 3*
