2934 4900
557 235 630 282 cnr.
652 234 817 280 xrrr-xvr
1137 224 1139 231 ’
1211 219 1267 279 191

185 386 245 453 His
268 392 300 452 et
322 386 482 453 similibus
504 386 651 452 altercati
673 385 826 451 conuiciis
843 384 1026 451 deierantur
1047 385 1174 469 utrique
1193 386 1262 452 nul·
1283 385 1344 452 XV

95 498 166 562 lam
188 516 224 563 se
245 516 378 581 prorsus
409 495 572 577 fraudem,
606 496 727 560 nullam
757 494 896 578 denique
919 495 1157 579 subreptionem
1179 496 1267 565 lacti-

98 615 188 674 tasse
222 606 279 673 sed
316 608 415 692 plane
446 606 565 671 debere
594 607 718 672 cunctis
747 605 870 671 artibus
899 605 1076 675 eommunis
1105 604 1267 690 dispendii

96 717 256 783 latronem
279 716 408 800 inquiri.
452 734 527 781 nam
549 734 654 800 neque
676 716 805 782 asinum
827 715 881 799 qui
910 716 998 784 solus
1027 716 1200 782 interesset
1219 721 1267 779 t·

65 828 184 897 tlibus
207 827 288 893 cibis
309 826 405 892 adlici
427 846 524 911 posse
546 832 578 891 et
599 834 708 891 tamen
721 809 723 814 ¹
737 824 854 891 cotidie
887 834 996 910 partes
1026 826 1167 892 electiles
1197 844 1268 891 cou-

97 957 215 1021 parere
235 956 394 1018 nusquam
417 955 476 1011 nee
497 936 607 1019 utique
623 936 771 1001 cellulam
795 956 886 1002 suam
909 941 973 1001 tam
995 936 1154 1001 immanes
1176 936 1265 1001 inuo-

95 1048 167 1113 lare
187 1067 316 1113 muscas
337 1053 373 1111 ut
394 1047 470 1111 olim
485 1046 651 1130 Harpyiae
672 1047 773 1127 luere,
798 1065 880 1130 qnae
896 1046 1091 1129 diripiebant
1113 1046 1265 1113 Phineias

97 1156 212 1242 dapes.

183 1268 313 1333 Interea
340 1265 531 1331 liberalibus
567 1264 655 1331 cenis
691 1250 854 1332 inescatus
892 1273 923 1331 ct
951 1265 1100 1343 humanis
1128 1256 1262 1329 adfatiin

50 1392 79 1439 ro
96 1378 180 1442 cibis
203 1378 371 1461 saginatus
399 1395 515 1460 corpus
542 1375 644 1441 obesa
671 1374 829 1459 pinguitie
856 1377 1107 1459 compleueram,
1142 1374 1286 1440 corium.

99 1489 217 1553 aruina
239 1487 407 1553 suculenta
428 1485 638 1567 molbueram,
661 1484 762 1569 pilum
784 1486 911 1551 liberali
933 1487 1035 1551 nitore
1058 1485 1266 1551 nutriucram.

17 1595 79 1665 [246]
100 1596 161 1665 sed
178 1580 250 1663 'iste
279 1595 421 1681 corporis
450 1595 512 1659 mei
546 1594 642 1660 decor
669 1596 783 1678 pudori
811 1597 936 1680 peperit
962 1595 1086 1679 grande
1116 1594 1266 1661 dedecus.

99 1708 234 1774 insolita
255 1725 393 1788 namque
414 1704 550 1789 tergoris
572 1705 722 1771 uastitate
744 1706 891 1770 commoti
913 1707 1041 1772 faenum
1063 1726 1194 1791 prorsus
1215 1706 1263 1769 in-

99 1824 220 1883 tactum
243 1816 361 1882 cotidie
388 1834 553 1881 remancre
581 1822 749 1881 comentes
780 1815 844 1881 iam
878 1823 959 1883 totos
989 1817 1030 1881 ad
1053 1837 1104 1882 me
1126 1815 1267 1899 dirigunt

47 1942 75 1988 15
93 1929 233 1994 animos.
277 1933 308 1991 et
338 1926 419 1991 hora
446 1932 599 1992 consueta
635 1927 723 1991 uelut
750 1910 886 1991 balneas
913 1927 1046 2011 petituri
1076 1927 1195 1993 clausis
1225 1946 1266 1991 ex

93 2058 185 2103 more
207 2037 329 2103 loribus
363 2056 421 2121 per
450 2035 613 2119 quandam
642 2035 800 2100 modicam
833 2055 1003 2101 cauemam
1035 2037 1190 2101 rimantur
1212 2055 1263 2107 me

92 2147 219 2233 passim
243 2146 401 2232 expositis
424 2146 529 2231 epulis
551 2145 781 2211 inhaerentem.
805 2166 864 2211 nec
886 2146 953 2211 ulla
975 2166 1052 2212 cura
1072 2147 1137 2213 iam
1153 2146 1264 2211 damni

93 2258 147 2325 sui
169 2257 282 2322 habita
309 2256 416 2321 mirati
448 2261 668 2322 monstruosas
690 2254 775 2321 asini
809 2254 942 2323 delicias
964 2258 1030 2322 risu
1059 2248 1197 2321 maximo
1221 2254 1266 2319 di-

92 2373 284 2452 rumpuntur
306 2373 484 2451 uocatoque
505 2386 570 2431 uno
592 2372 624 2429 et
644 2366 745 2430 altero
770 2385 807 2430 ao
830 2366 904 2460 dein
927 2367 1073 2452 pluribus
1096 2366 1259 2433 conseruis

43 2495 73 2546 ro
91 2478 316 2543 demonstrant
338 2475 504 2542 infandam
526 2483 702 2543 memoratu
724 2476 850 2544 hebetis
866 2477 1000 2544 iumenti
1014 2479 1133 2560 gulam.
1157 2484 1264 2544 tantus

91 2588 235 2671 denique
265 2606 303 2652 ac
335 2593 400 2652 tam
434 2587 579 2653 liberalis
607 2587 784 2654 cachinnus
813 2595 942 2655 cunctos
972 2589 1139 2655 inuaserat
1168 2594 1202 2652 ut
1223 2587 1266 2652 ad

90 2717 189 2764 aures
212 2717 343 2782 quoque
360 2697 595 2781 praetereuntis
616 2697 800 2782 perueniret
822 2697 952 2766 domini.
1004 2699 1184 2765 sciscitatus
1207 2696 1263 2762 dc·
1284 2698 1362 2764 XVI

90 2809 193 2891 nique
216 2805 293 2891 quid
315 2807 433 2872 bonum
456 2805 575 2871 rideret
596 2792 728 2886 familia,
752 2809 878 2890 cognito
902 2808 988 2892 quod
1010 2829 1062 2875 res
1085 2814 1167 2890 erat,
1192 2808 1261 2892 ipse

89 2935 220 3001 quoque
242 2936 301 3000 per
323 2917 408 2982 idem
424 2916 625 3001 prospiciens
647 2917 791 2982 foramen
807 2917 985 2984 delectatur
1006 2918 1131 2984 eximie.
1155 2937 1193 2981 ac
1209 2917 1263 2982 de-

41 3040 69 3090 25
88 3027 169 3092 hinc
190 3026 258 3093 risu
281 3027 351 3112 ipse
370 3046 495 3110 quoque
518 3026 677 3093 latissimo
693 3026 736 3092 ad
752 3047 853 3110 usquc
874 3029 1095 3095 intestinorum
1118 3013 1271 3092 dolorem'

89 3135 251 3220 redactus,
275 3137 339 3202 iam
362 3137 523 3221 patefacto
547 3136 693 3201 cubiculo
716 3137 861 3221 proxime
884 3138 1062 3206 consistens
1085 3157 1191 3203 coram
1213 3158 1283 3203 ar·.

35 3315 45 3348 ,
88 3247 240 3312 bitratur.
284 3267 361 3312 nam
391 3252 421 3311 et
450 3266 509 3329 ego
543 3246 674 3312 tandem
708 3267 751 3313 cx
778 3247 887 3330 aliqua
919 3256 1011 3333 parte
1033 3248 1161 3314 mollius
1184 3249 1262 3312 mihi

84 3356 268 3423 renidentis
299 3357 444 3423 fortunae
474 3358 708 3442 contemplatus
738 3358 850 3422 facicm
888 3357 1007 3442 gaudio
1042 3359 1262 3442 praesentium

86 3464 242 3532 fiduciam
265 3467 345 3531 mihi
368 3457 902 3533 subministrante'nec'tantillum
933 3474 1107 3535 commotus
1131 3487 1261 3534 securus

38 3594 68 3645 ao
86 3577 250 3644 esitabam
281 3577 388 3661 quoad
419 3578 564 3642 nouitate
597 3578 771 3662 spectaculi
809 3579 913 3644 laetus
947 3576 1095 3644 dominus
1130 3578 1257 3644 aedium

86 3688 164 3753 duci
187 3705 238 3752 me
261 3687 372 3770 lussit,
403 3687 499 3751 immo
521 3707 598 3752 uero
621 3672 689 3754 suis
712 3689 808 3753 ctiam
831 3688 901 3772 ipse
930 3688 1079 3755 manibus
1102 3688 1143 3753 ad
1165 3689 1260 3753 tricli-

83 3799 186 3863 nium·
200 3797 352 3881 perduxit
373 3817 548 3880 mensaque
571 3799 678 3883 posita
692 3818 786 3863 omne
802 3818 904 3880 genus
920 3797 1059 3863 edulium
1085 3799 1258 3864 solidorum

89 3913 122 3972 et
144 3906 285 3972 inlibata
307 3908 428 3972 fercula
450 3907 544 3973 iussit
559 3907 689 3992 adponi.
713 3915 747 3973 at
762 3927 821 3992 ego
837 3926 1030 3991 quamquam
1053 3909 1116 4002 iam
1139 3908 1256 3973 bellule

85 4003 324 4099 suffarcinatus,
348 4017 524 4100 gratiosum
539 4016 904 4106 commendatioremque
920 4009 971 4084 me
986 4025 1094 4085 tamen
1110 4019 1139 4084 ei
1154 4020 1258 4084 lacere

159 4267 285 4322 ifineras
301 4269 330 4322 F
422 4273 451 4322 15
475 4268 557 4322 uelud
583 4268 611 4322 F
691 4270 1141 4340 rapteuntrlp:pacunct1lF
1227 4273 1260 4322 24

82 4375 193 4430 exumrq
211 4361 243 4428 F,
261 4377 395 4431 exrmrep
484 4365 515 4415 28
533 4360 602 4416 lacre
619 4363 663 4432 Fp
756 4368 787 4418 33
807 4360 958 4433 quanquam
975 4363 1003 4418 F
1084 4361 1223 4417 uclluleF
