2934 4900
538 219 610 266 cur.
633 215 792 264 xr——xmr
1185 200 1243 261 105
1324 285 1329 296 Δ

71 371 184 438 cussis
206 369 376 437 frondibus
390 370 505 454 attigui
519 371 659 437 nemoris
680 371 829 436 lanosum
844 391 957 466 aurum
979 370 1145 454 repperies
1166 367 1251 452 quod

71 482 203 566 passim
226 480 381 566 stirpibus
403 482 534 547 conexis
557 472 787 547 obhaerescit.’
1175 543 1179 557 ,

165 593 219 658 Sic
240 592 364 658 arundo
387 591 526 675 simplex
547 598 580 657 et
601 591 744 683 humana
765 591 912 675 Psychen
930 593 1144 676 aegerrimam
1165 572 1248 665 saln-
1269 587 1350 656 XIII

70 709 142 768 tem
173 723 264 770 suam
287 702 432 768 docebat.
469 721 529 767 nec
556 702 739 770 auscultatu
766 703 894 786 penitus
928 705 1051 771 intento
1078 684 1250 792 diligenter

37 826 52 872 5
70 813 236 878 instructa
258 813 315 877 illa
337 813 479 878 cessauit
501 812 559 878 sed
581 813 763 878 obseruatis
791 813 940 881 omnibus
973 817 1130 884 furatrina
1162 821 1249 886 facili

69 923 228 990 flauentis
250 923 321 988 auri
342 923 477 988 mollitie
500 929 686 1006 congestum
707 924 866 1013 gremium
877 925 995 992 Veneri
1017 936 1167 1012 reportat.
1190 926 1250 996 nec

68 1041 184 1099 tamen
206 1032 295 1118 apud
317 1033 479 1099 dominam
502 1035 616 1100 saltem
639 1033 773 1100 secundi
794 1034 915 1101 laboris
937 1038 1114 1120 pericnlum
1135 1059 1249 1106 secun-

68 1144 153 1209 dum
181 1146 400 1212 testimonium
433 1145 549 1210 meruit
580 1145 638 1210 sed
670 1146 824 1211 contortis
860 1148 1044 1231 superciliis
1076 1150 1248 1219 subridens

53 1269 223 1320 'amarum
245 1256 293 1322 sic
314 1255 419 1339 inquit
437 1249 516 1328 fnec
538 1275 589 1320 me
610 1254 766 1340 praeterit
786 1255 882 1348 huius
898 1278 1025 1343 quoque
1046 1260 1121 1325 facti
1135 1268 1246 1327 auctor

25 1381 53 1428 ro
70 1365 287 1433 adulterinus.
325 1366 384 1432 sed
412 1366 477 1430 iarn
504 1384 590 1430 nunc
611 1383 671 1448 ego
694 1364 807 1432 sedulo
834 1366 1041 1450 periclitabor
1063 1391 1106 1437 an
1128 1372 1247 1456 oppido

69 1477 148 1540 lorti
173 1478 280 1542 animo
303 1477 524 1560 singularique
545 1475 717 1561 prudentia
745 1476 791 1542 sis
820 1477 977 1562 praedita.
1015 1481 1150 1548 uidesne
1171 1484 1248 1550 iusi-

70 1594 213 1652 stentem
247 1587 447 1654 celsissimae
483 1587 531 1650 illi
562 1589 634 1671 rupi
666 1587 785 1652 montis
818 1587 912 1654 ardui
938 1591 1091 1656 uerticem
1120 1593 1246 1675 dequo

68 1698 173 1764 fontis
201 1699 262 1762 atri
296 1698 406 1763 fuscae
434 1696 578 1762 defluunt
609 1696 718 1762 undae
753 1718 992 1783 proxumaeque
1020 1706 1245 1787 conceptaculo

68 1809 172 1874 uallis
194 1808 339 1874 inclusae
362 1808 493 1892 Stygias
515 1807 657 1891 inrigant
679 1797 817 1892 paludes
832 1815 864 1873 et
877 1830 976 1875 rauca
990 1811 1101 1896 Cocyti
1123 1812 1245 1879 fluenta

24 1937 50 1985 ιι
69 1919 242 1984 nutriunt?
279 1918 422 1984 indidem
444 1918 524 1983 milri
551 1916 593 1984 de
623 1919 740 1984 summi
768 1919 864 1985 tontis
897 1922 1009 2004 penita
1035 1924 1247 2007 scaturrigine

69 2049 179 2094 rorem
203 2030 358 2114 rigentem
382 2029 544 2094 hauritum
566 2030 630 2095 ista
651 2030 820 2095 confestim
843 2027 970 2097 deferes
991 2025 1131 2098 urnula'
1281 2105 1284 2108 ⁴

160 2141 215 2206 Sic
229 2138 321 2206 aiens
336 2140 488 2206 crustallo
505 2139 689 2206 dedolatum
704 2140 881 2224 aesculum,
903 2141 1035 2227 iusuper
1050 2143 1080 2208 ei
1094 2144 1245 2226 grauiora

69 2251 270 2317 comminata
291 2249 435 2315 radidit.

158 2362 202 2426 dt
223 2361 281 2426 illa
303 2349 448 2428 studiose
476 2359 613 2442 gradum
642 2361 788 2426 celerans
816 2362 935 2428 montis
964 2369 1142 2430 extremum
1163 2366 1244 2451 petit
1265 2356 1361 2420 XIIII

24 2475 228 2549 rqtumulum
252 2478 337 2537 certe
360 2473 413 2537 uel
444 2472 510 2536 illic
538 2473 709 2538 inuentura
737 2472 826 2537 uitae
853 2474 1016 2557 pessimae
1042 2476 1150 2542 finem.
1188 2476 1247 2544 sed

67 2605 140 2649 cum
165 2583 304 2668 primum
327 2582 514 2668 praedicti'
506 2583 573 2666 1ugi
588 2590 662 2648 cont
663 2584 804 2649 orminos
825 2583 914 2650 locos
928 2586 1062 2670 appulit,
1085 2587 1175 2653 uidet
1195 2587 1242 2655 rei

67 2703 184 2761 uastae
206 2694 336 2759 letalem
358 2692 588 2760 difficultatem.
626 2714 767 2777 namque
796 2714 913 2760 saxum
932 2695 1066 2761 immani
1088 2698 1245 2780 magnitu-

12 2812 51 2878 ιι]
68 2805 147 2870 dine
170 2823 338 2889 procerum
361 2811 393 2869 et
414 2804 583 2870 lnaccessa
611 2805 798 2870 salebritate
820 2804 978 2871 lubricum
999 2808 1115 2874 mediis
1137 2828 1155 2873 e
1177 2809 1244 2874 fau-

68 2916 163 2979 cibus
184 2913 304 2997 lapidis
334 2914 439 2980 fontes
468 2914 616 2979 horridos
645 2914 815 2979 euomebat
836 2916 892 2996 qui
914 2915 1023 2981 statim
1044 2918 1137 3001 proni
1159 2918 1241 2983 lora-

24 3050 50 3099 ·25
67 3026 168 3091 minis
189 3023 314 3089 lacunis
338 3024 415 3089 editi
438 3043 559 3108 perque
587 3024 730 3109 procliue
753 3023 881 3109 delapsi
903 3031 936 3090 et
957 3028 1086 3109 angusti
1114 3029 1238 3095 canalis
1328 3110 1334 3120 .

69 3145 183 3201 exarto
198 3135 334 3200 contecti
349 3135 478 3200 tramite
493 3154 681 3219 proxumam
697 3135 878 3199 conuallem
892 3136 1030 3201 latenter
1045 3137 1239 3205 lucidabant.

68 3246 185 3312 denua
211 3247 371 3330 laeuaque
400 3244 547 3311 cautibus
580 3247 704 3311 cauatis
740 3252 933 3330 proserpunt
964 3253 996 3311 et
1027 3247 1125 3330 longa
1157 3250 1240 3314 oolla

139 3538 287 3601 tattrugur
305 3532 333 3586 F
397 3532 560 3601 nemonlf:
578 3546 680 3586 nemon
695 3531 722 3584 F
735 3480 876 3600 nemorrtqv
962 3534 1123 3588 lconuexrl
1139 3534 1172 3598 F,
1195 3550 1241 3587 co-

67 3628 181 3694 uexrsp
268 3626 411 3693 tpenrtul
431 3630 533 3679 mtento
552 3623 685 3678 labatur.-
613 3624 853 3797 qunrtendo
872 3622 911 3692 F,
934 3627 1161 3696 ιιθιιιιειιιίοφ
1202 3628 1241 3681 dr-

67 3695 135 3811 dena
154 3745 182 3798 F
264 3750 307 3797 5
324 3744 370 3797 rlla
388 3743 455 3814 (suit
472 3760 487 3799 c
505 3749 584 3798 αιιίο
711 3748 789 3813 9qq;
808 3760 858 3798 om
877 3744 913 3794 F¹
991 3750 1020 3797 ll
1037 3747 1244 3816 mclulaltygral

67 3864 129 3925 tlt
117 3881 147 3918 rra
165 3879 221 3917 rus
239 3881 257 3917 a
273 3880 356 3917 rauna
373 3863 503 3929 secanda)
513 3864 545 3929 F,
562 3865 664 3917 rnclula
682 3864 720 3917 est
732 3814 812 3934 tugnas
827 3863 860 3924 dt
876 3862 940 3916 add.
958 3880 1056 3917 marrus
1072 3864 1201 3929 secunda)
1219 3885 1239 3933 φ

67 3972 153 4011 rauca
170 3956 298 4027 Lipsius.-
316 3972 405 4026 pauca
422 3957 466 4025 Fq
535 3962 615 4011 cocrtr
632 3958 661 4011 F
727 3962 758 4010 16
775 3952 885 4010 hauntlr
902 3955 1018 4010 delatam
1036 3957 1103 4011 r'aF
1167 3956 1241 4011 defer

68 4081 77 4101 .
93 4051 194 4105 urnula
212 4051 278 4120 (fuit
295 4051 314 4117 l]
332 4051 365 4114 F,
384 4049 487 4104 deferes
508 4050 605 4104 urnula
621 4051 645 4121 f,
670 4050 745 4104 defer
763 4050 871 4103 furnulo
893 4050 952 4115 (sed
963 4056 1063 4121 postca
1086 4050 1241 4104 dtrtiactum

68 4143 155 4199 desert
171 4144 276 4201 urnula)
296 4163 315 4211 φ
404 4146 434 4195 19
452 4142 583 4197 celerans
601 4144 669 4213 (furt
685 4142 699 4197 l
714 4148 746 4196 ut
761 4142 827 4198 aid.)
845 4143 874 4196 F
943 4147 976 4197 20
993 4144 1140 4198 inuentura
1156 4144 1240 4212 uitae]

66 4246 151 4308 rnurtq
167 4238 198 4302 F,
216 4244 281 4290 iurte
298 4256 318 4306 φ
388 4240 420 4290 23
437 4235 523 4289 medrl
538 4252 553 4289 e
570 4236 717 4302 rauc1b3F,
733 4236 827 4289 meunt
841 4236 942 4295 fauerb;
958 4236 984 4306 f,
1001 4236 1098 4291 merids
1114 4237 1242 4290 raucrbul

67 4373 135 4411 corr.
157 4357 185 4410 ia
203 4355 326 4409 medule
342 4353 468 4408 laucrbul'
484 4372 503 4424 φ
595 4357 626 4407 27
646 4317 725 4417 caIrb;
744 4355 773 4408 F
