2934 4900
213 247 272 307 176
684 255 777 305 emur
799 258 875 305 vmr

211 411 359 476 seruulus
393 430 527 495 magnas
561 416 592 475 ct
627 416 807 495 postremas
837 409 966 476 domino
999 408 1046 477 illi
1076 408 1244 474 fundorum
1275 404 1383 471 clades

212 522 419 587 adnuntians.
463 540 602 603 namque
624 521 653 587 is
675 520 794 587 adultis
817 521 879 586 iam
904 521 1006 585 tribus
1035 519 1146 586 liberis
1168 518 1317 584 doctrina
1338 517 1382 580 in-

213 632 341 697 structis
369 638 401 697 et
433 631 627 696 uerecundia
662 630 819 721 praeditis
848 630 979 697 uiuebat
1014 632 1183 715 gloriosus.
1227 630 1280 693 bis
1309 626 1383 692 adu-

199 741 409 807 lescentibus
432 748 501 807 erat
515 761 586 806 oum
613 742 753 825 quodam
775 762 918 828 paupere
933 742 1078 807 modicae
1101 742 1231 806 casulae
1255 738 1383 804 domino

145 861 150 871 ’
214 859 306 917 uetus
328 851 543 918 familiaritas.
587 854 728 917 atenim
752 854 882 921 casulae
904 852 1060 937 paruulae
1084 850 1299 917 conterminos
1322 856 1410 913 mar-5

214 977 296 1045 gnos
325 968 356 1027 et
383 962 496 1029 beatos
531 965 627 1045 agros
657 962 848 1047 possidebat
876 964 1002 1029 uicinus
1035 970 1149 1047 potens
1179 968 1211 1027 et
1233 960 1327 1027 diues
1354 965 1383 1023 et

214 1072 340 1161 iuuenis
374 1079 405 1137 et
440 1073 614 1157 prosapiae
645 1075 802 1139 maiorum
830 1074 934 1159 gloria
961 1074 1046 1138 male
1074 1081 1167 1139 utens
1195 1072 1382 1156 pollensque

214 1182 406 1248 factionibus
427 1188 459 1247 e‘t
487 1191 601 1248 cuncta
633 1185 728 1249 facile
765 1185 888 1251 faciens
922 1185 955 1249 in
978 1164 1118 1265 ciuitate,
1152 1182 1263 1250 hostili
1292 1179 1383 1245 modo

215 1292 313 1355 uicini
339 1294 446 1359 tenuis
473 1293 661 1361 incursabat
689 1295 876 1379 pauperiem
909 1314 1012 1379 pecua
1040 1292 1247 1369 trucidando,
1285 1292 1382 1356 boues

215 1402 391 1484 abigendo,
420 1396 529 1488 fruges
565 1403 670 1471 adhuc
698 1406 895 1472 ,immaturas
929 1404 1115 1471 obterendo.
1159 1406 1288 1487 iamque
1322 1408 1383 1467 tota
1401 1410 1421 1458 tt

126 1530 132 1541 ·
215 1511 399 1594 frugalitate
422 1516 594 1600 spoliatum
615 1517 697 1599 ipsis
713 1516 809 1581 etiam
832 1515 971 1599 glebulis
994 1515 1206 1580 exterminare
1228 1512 1383 1597 gestiebat

214 1622 390 1706 finiumque
420 1625 510 1690 inani
532 1634 690 1690 commota
712 1626 901 1709 quaestione
929 1632 1048 1691 terram
1077 1632 1176 1690 totam
1200 1624 1262 1691 sibi
1285 1621 1383 1687 uindi-

216 1733 320 1797 cabat.
363 1741 439 1801 tunc
466 1738 605 1819 agrestis
628 1736 828 1803 uerecundus
850 1736 995 1820 alioquin
1023 1737 1162 1801 auaritia
1185 1735 1296 1800 diuitis
1324 1734 1386 1797 iam

216 1846 392 1927 spoliatus3
422 1854 457 1911 ut
479 1868 537 1913 suo
571 1848 684 1913 saltem
707 1847 877 1931 sepulchro
907 1841 1076 1931 paternum
1099 1847 1251 1912 retineret
1274 1845 1381 1923 solum,

216 1957 336 2021 amicos
358 1957 514 2040 plurimos
536 1958 579 2021 ad
602 1958 908 2023 demonstrationem
940 1958 1052 2021 finium
1079 1955 1246 2041 trepidans
1271 1954 1382 2019 eximie
1401 1954 1421 2000 a

216 2073 408 2148 corrogarat.
454 2067 590 2133 aderant
619 2069 703 2133 inter
723 2069 806 2134 alios
829 2075 894 2133 tres
917 2068 964 2131 illi
985 2068 1100 2134 iratres
1123 2066 1271 2132 cladibus
1294 2064 1383 2129 amici

71 2180 213 2251 XXXVI
234 2179 421 2261 quantulum
444 2179 631 2261 quantulum
646 2180 786 2245 serentes
808 2178 972 2243 auxilium.
989 2196 1048 2243 nec
1069 2185 1178 2243 tamen
1200 2178 1256 2243 ille
1278 2193 1384 2241 uaesa-

215 2310 276 2355 nus
305 2289 466 2353 tantillum
494 2290 679 2373 praesentia
707 2290 877 2354 multorum
906 2288 1023 2353 oiuiunr
1051 2288 1181 2354 territus
1210 2287 1262 2351 uel
1292 2286 1382 2350 etiam

218 2398 379 2482 contusus,
402 2387 476 2464 licet
499 2421 564 2466 non
585 2401 719 2485 rapinis,
743 2386 857 2466 saltem
880 2399 988 2466 uerbis
1010 2405 1190 2484 temperare
1207 2397 1309 2463 noluit
1330 2392 1384 2462 scd

136 2496 140 2500 “
217 2510 283 2574 illis
299 2510 472 2576 clementer
487 2511 766 2594 expostulantibus
787 2510 992 2594 feruidosque
1008 2510 1076 2576 eius
1092 2528 1197 2574 mores
1221 2505 1383 2572 blanditiis
1399 2516 1421 2564 rt

119 2614 120 2617 '
217 2620 488 2706 permulcentibus
510 2629 642 2706 repente
665 2643 755 2687 suam
773 2640 964 2702 suorumque
980 2641 1125 2685 carorum
1142 2621 1277 2684 salutem
1293 2636 1383 2700 quam

219 2731 422 2797 sanctissime
438 2733 591 2798 adiurans
607 2732 778 2798 adseuerat
792 2732 886 2816 parui
902 2752 936 2797 se
953 2729 1104 2816 pendere.
1116 2737 1163 2794 tot
1178 2728 1383 2794 mediatorum

219 2843 447 2926 praesentiam,
470 2843 608 2926 denique
631 2844 771 2908 uicinum
793 2844 882 2907 illurn
905 2842 1057 2908 auriculis
1080 2861 1138 2924 per
1154 2861 1229 2905 suos
1247 2835 1384 2904 seruulos
1404 2833 1450 2898 [rull

220 2934 381 3020 sublatum
404 2955 445 3020 de
474 2956 586 3020 casula
618 2955 806 3036 longissime
836 2953 1007 3036 statimque
1036 2953 1212 3035 proiectum
1234 2949 1283 3013 iri.
1328 2966 1384 3030 quo

221 3067 305 3130 dicto
328 3067 466 3148 insignis
488 3064 668 3148 indignatio
690 3072 774 3130 totos
791 3063 990 3129 audientium
1012 3061 1242 3146 pertemptauit
1257 3059 1384 3124 animos.
1400 3070 1422 3118 a

220 3185 295 3240 tunc
317 3198 400 3242 unns
423 3195 441 3240 e
461 3174 563 3240 tribus
585 3175 735 3240 fratribus
765 3175 984 3238 incunctanter
1013 3179 1044 3238 et
1065 3174 1162 3257 paulo
1191 3171 1320 3236 liberius
1343 3187 1384 3232 re-

223 3286 353 3370 spondit
374 3288 491 3351 furstra
513 3304 585 3349 cum
614 3287 681 3351 suis
710 3285 825 3369 opibus
853 3285 1008 3350 confisum
1043 3283 1213 3368 tyrannica
1242 3277 1385 3363 superbia
1445 3269 1450 3282 '

223 3396 424 3477 comminari,
455 3415 525 3459 oum
549 3397 693 3478 alioquin
714 3415 875 3480 pauperes
898 3396 995 3460 etiam
1024 3392 1150 3458 liberali
1171 3393 1278 3474 legum
1299 3407 1384 3472 prac-

226 3507 309 3572 sidio
332 3506 372 3571 de
407 3508 581 3572 insolentia
607 3506 814 3590 locupletium
842 3505 1065 3572 consueuerint
1096 3501 1263 3568 uindicari.
1306 3495 1384 3582 quod

225 3619 331 3682 oleum
352 3615 511 3691 flammae,
535 3616 619 3700 quod
642 3618 742 3682 sulfur
764 3615 929 3697 incendio,
961 3615 1046 3699 quod
1075 3614 1237 3698 flagellum
1266 3610 1384 3686 Furiae,
1401 3611 1423 3660 30

224 3727 285 3792 hoc
307 3727 421 3792 eliste
445 3746 548 3792 sermo
572 3728 782 3792 truculentiae
803 3726 944 3794 hominis
960 3726 1154 3791 nutrimento
1176 3724 1244 3790 fuit.
1268 3723 1386 3801 iamque

227 3837 269 3902 ad
291 3843 466 3904 extremam
489 3838 649 3903 insaniam
673 3857 806 3903 uaecors
836 3837 1045 3920 suspendium
1075 3855 1147 3902 sese
1171 3841 1242 3899 ett
1263 3835 1303 3899 tis
1330 3830 1387 3895 illis

297 4113 325 4161 11
344 4108 456 4175 glebulrl
463 4109 495 4171 F,
515 4103 662 4175 glebulrlp
753 4111 781 4158 15
801 4069 903 4160 exdmrc
919 4108 947 4171 F,
967 4122 1098 4173 exrmrep
1193 4110 1221 4158 tl
1242 4079 1387 4173 quantulum

222 4203 362 4270 posterius
379 4201 494 4254 deletum
512 4201 539 4252 in
560 4201 583 4250 F
669 4203 700 4252 22
720 4198 860 4264 medratolt
878 4201 917 4252 F:
936 4201 1109 4254 mentitorum
1127 4200 1241 4253 conticuit
1259 4197 1387 4252 Pricaeus,

228 4297 388 4345 metatorum
413 4292 560 4357 Womems‚
583 4293 734 4347 metitorum
754 4289 886 4346 Branttu's
973 4298 1004 4347 23
1023 4292 1144 4346 amiculis
1161 4294 1276 4347 corttecit
1297 4289 1389 4344 Wornc·

229 4399 286 4447 rus,
304 4385 443 4440 maniculis
462 4384 595 4439 Bromius
681 4390 714 4439 30
732 4385 823 4454 sulpur
838 4385 866 4438 F
947 4391 978 4440 32
997 4387 1092 4440 ueccrl
1108 4385 1152 4456 Fp
