2934 4900
256 229 314 290 162
331 205 334 217 ⁴
738 242 830 289 arcer
853 244 927 289 vuu

164 393 228 459 XII
250 394 379 461 innixus
395 393 559 461 discursus
574 394 701 460 alacres
716 393 847 458 obirem.
870 400 904 457 at
926 393 1032 459 subita
1048 401 1155 459 sectae
1170 392 1397 457 commutatione

249 506 350 573 risum
371 511 437 570 toto
460 504 562 569 coetui
585 490 829 569 commonerem.

174 591 178 605 ι
278 699 280 701 v
336 616 469 698 Iamque
489 614 632 678 maxima
654 612 719 677 diei
741 620 832 698 parte
853 620 1018 678 transacta
1032 610 1189 678 defectum
1204 614 1338 696 alioquin
1358 632 1401 677 me

249 726 353 792 helcio
375 732 502 810 sparteo
525 723 645 789 dimoto
667 742 752 789 nexu
767 724 937 789 machinae
958 723 1128 789 liberatum
1145 722 1306 807 adplicant
1325 742 1402 807 prae-

251 837 354 921 sepio.
400 842 433 900 at
455 854 514 918 ego
537 854 730 917 quamquam
753 834 870 900 eximie
891 833 1044 918 fatigatus
1060 839 1091 899 ct
1106 834 1277 899 refectione
1298 834 1426 897 uiriumc

249 946 455 1012 uehementer
478 943 630 1028 indiguus
652 952 683 1009 et
704 964 836 1028 prorsus
864 944 949 1010 fame
971 944 1115 1028 perditus
1137 952 1246 1011 tamen
1268 943 1400 1008 familiari

251 1056 434 1123 curiositate
456 1054 611 1120 attonitus
632 1060 665 1119 et
686 1055 767 1121 satis
790 1054 921 1132 anxius,
944 1055 1123 1139 postposito
1146 1054 1217 1119 cibo
1240 1054 1293 1138 qui
1313 1053 1402 1136 copio-

252 1188 307 1233 sus
329 1166 454 1247 aderat,
491 1163 679 1249 inoptabilis
709 1164 855 1229 officinae
883 1164 1088 1249 disciplinam
1110 1184 1180 1230 oum
1204 1164 1399 1231 delectatione

245 1275 390 1359 ¹quadam
412 1275 603 1340 arbitrabar.
633 1275 681 1359 ,di
709 1275 802 1340 boni!
832 1276 944 1359 quales
966 1276 1033 1340 illic
1054 1275 1239 1340 homunculi
1260 1274 1401 1339 uibicibus

249 1385 395 1451 liuidinis
416 1393 515 1449 totam
538 1392 642 1451 cutem
665 1384 783 1469 depicti
806 1384 1000 1469 dorsumque
1021 1386 1190 1469 plagosum
1214 1385 1325 1451 scissili
1340 1404 1401 1449 ccu-
1417 1390 1437 1439 ¹0

249 1497 378 1561 tuuculo
401 1496 504 1579 magis
526 1495 698 1560 inumbrati
721 1514 817 1577 quarn
841 1496 972 1577 obtecti,
1003 1516 1069 1560 non
1091 1495 1170 1559 nulli
1192 1496 1304 1579 exiguo
1324 1495 1402 1577 tegili

250 1612 371 1672 tautum
395 1605 493 1670 modo
515 1606 632 1690 pubem
654 1606 776 1687 iniecti,
797 1606 902 1672 cuncti
923 1612 1031 1671 tamen
1048 1606 1094 1671 sic
1108 1605 1240 1671 tunicati
1255 1611 1288 1670 ut
1302 1612 1397 1671 esseut

249 1735 309 1801 per
331 1717 490 1800 pannulos
511 1716 675 1781 manifesti
697 1715 818 1781 frontes
841 1716 973 1781 litterati
995 1723 1028 1782 et
1048 1716 1198 1800 capillum
1216 1717 1357 1782 semirasi
1377 1724 1401 1779 et

248 1826 350 1911 pedes
372 1826 511 1907 anulati,
541 1833 607 1890 tum
629 1826 736 1891 lurore
766 1825 924 1891 deformes
947 1833 979 1891 et
1000 1827 1134 1892 fumosis
1156 1826 1297 1892 tenebris
1317 1846 1401 1907 uapo-

247 1956 341 2002 rosae
363 1936 511 2019 caliginis
533 1935 708 2019 palpebras
723 1935 815 2003 adesi
831 1936 1030 2019 atqueadeo
1052 1937 1137 2002 male
1159 1936 1305 2001 luminati
1326 1943 1356 2002 et
1373 1936 1400 1998 in
1415 1940 1435 1987 u

249 2044 376 2110 modum
399 2045 551 2131 pugilum,
575 2046 629 2127 qui
651 2047 830 2131 puluisculo
852 2049 1026 2131 perspersi·
1039 2046 1200 2125 dimicant,
1223 2046 1400 2122 farinulenta

119 2139 227 2206 'XIII
250 2156 357 2240 cinere
380 2154 510 2222 sordide
531 2155 704 2221 candidati.
749 2156 814 2221 iam
837 2158 877 2223 de
899 2177 970 2223 meo
997 2158 1187 2223 iumentario
1210 2156 1401 2223 contubernio

249 2266 326 2349 quid
349 2267 401 2330 uel
423 2265 465 2329 ad
489 2285 581 2349 quem
604 2265 732 2331 modum
761 2270 956 2333 memorem?
1001 2268 1113 2351 quales
1141 2268 1188 2332 illi
1217 2268 1293 2333 muli
1320 2286 1401 2333 senes

247 2377 300 2441 uel
324 2376 471 2441 cantheri
492 2375 638 2442 debiles?
660 2377 744 2467 eirca
765 2379 968 2464 praesepium
984 2379 1092 2464 capita
1107 2377 1247 2445 demersi
1270 2386 1400 2443 coutruu·

244 2486 361 2550 cabant
388 2487 490 2553 moles
521 2488 705 2571 palearum,
744 2489 868 2554 ceruice
896 2491 1022 2555 cariosa
1049 2491 1216 2555 uulnerum
1244 2489 1399 2575 putredine
1412 2496 1434 2544 2⁰

242 2595 424 2662 follicantes
443 2616 538 2663 nares
559 2596 732 2680 languidas
755 2598 892 2664 adsiduo
914 2601 1010 2683 pulsu
1031 2599 1206 2667 tussedinis
1229 2600 1335 2682 hiulci,
1356 2618 1400 2682 pe-

243 2713 330 2771 ctora
352 2707 486 2790 copulae
510 2714 660 2792 sparteae
681 2709 796 2773 tritura
816 2699 967 2774 continua
989 2710 1180 2792 exulcerati,
1210 2717 1316 2776 costas
1337 2729 1396 2794 per-

226 2812 340 2900 petua
368 2817 580 2901 castigatione
615 2819 736 2884 ossium
772 2824 865 2886 tenus
901 2819 1058 2894 renudati
1095 2822 1233 2903 ungulas
1266 2819 1400 2884 multicia

242 2928 508 3013 circumcursione
530 2929 564 2992 iu
587 2948 716 2993 enorme
739 2929 911 3012 uestigium
939 2931 1075 3012 porrecti
1104 2937 1267 3015 totumque
1289 2930 1396 2995 corium

242 3044 372 3103 ueterno
395 3044 491 3120 atque
513 3038 662 3105 scabiosa
682 3039 786 3104 macie
809 3041 1002 3123 exasperati.
1048 3042 1131 3107 tales
1153 3041 1295 3105 familiae
1322 3041 1398 3104 fune·
1411 3049 1433 3098 tt

243 3155 325 3213 stum
348 3147 426 3211 milri
450 3149 545 3212 etiam
569 3155 714 3215 metuens
737 3150 918 3234 exemplum
940 3151 1121 3234 ueterisque
1135 3151 1227 3216 Lucii
1249 3151 1396 3215 fortunam

241 3245 429 3324 recordatus
451 3264 482 3322 et
510 3258 552 3322 ad
581 3259 726 3323 ultimam
756 3260 871 3326 salutis
909 3267 1026 3326 metam
1055 3259 1204 3327 detrusus
1238 3262 1397 3328 summisso

242 3367 347 3450 capite
370 3368 562 3434 maerebam.
585 3388 644 3433 nec
666 3370 765 3462 ullum
788 3371 916 3454 uspiam
939 3371 1121 3437 cruciabilis
1142 3371 1228 3437 uitae
1252 3373 1393 3438 solacium

242 3474 355 3540 aderat
375 3478 439 3544 nisi
461 3478 547 3561 quod
568 3479 712 3562 ingenita
733 3480 813 3544 mihi
835 3481 1018 3546 curiositate
1039 3481 1209 3547 recreabar
1224 3480 1299 3546 dum
1322 3499 1399 3568 prae·

243 3586 377 3650 sentiam
407 3607 510 3652 meam
526 3591 638 3677 xparui
675 3591 830 3657 facientes
866 3591 967 3656 libere
1001 3610 1083 3674 quae
1112 3593 1224 3655 uolunt
1246 3611 1354 3657 omues
1373 3596 1397 3653 et
1411 3588 1433 3638 3⁰

244 3704 543 3719 ῇ--Ἇ

309 3771 414 3844 i‘eetur
436 3779 466 3833 F
560 3738 708 3838 ldrmoto·
726 3783 794 3852 (fuit
812 3784 832 3848 f)
854 3783 890 3847 F,
915 3776 1065 3852 dimotofp
1149 3788 1163 3836 5
1184 3798 1337 3852 quanquam
1359 3797 1396 3836 ex·

240 3861 309 3965 rlrmup
328 3902 346 3966 t,
365 3902 444 3964 erus.)
455 3898 484 3951 F
547 3905 562 3954 9
581 3901 650 3954 duF
720 3907 750 3954 10
767 3901 946 3974 lrbrdrurin,
964 3901 1096 3957 liuidineis
1114 3903 1229 3958 coniecit
1246 3901 1395 3963 Salmasius,

238 3989 355 4066 liuidulis
379 3987 562 4046 Martanum
648 3999 679 4047 16
702 3996 772 4064 plpb
791 3996 829 4065 ‘ss
857 3995 916 4065 ppfr
934 3997 993 4064 Fp·
1064 3999 1094 4048 21
1114 3996 1198 4050 narei
1217 3995 1247 4065 f:
1272 4012 1336 4050 nare
1360 3993 1395 4061 ro

239 4088 271 4136 22
291 4085 396 4170 spartea
413 4083 457 4153 Fp
535 4090 567 4139 25
586 4091 695 4142 ueterno
714 4108 750 4157 p.-
768 4093 883 4151 ueterna
897 4089 925 4143 F
1003 4094 1035 4143 27
1055 4088 1146 4143 salutis
1164 4094 1263 4144 metam
1281 4089 1392 4144 detrusus

239 4176 370 4231 lummilfo
388 4175 569 4232 Sterrecbr'uc:
589 4179 679 4233 falutrf
693 4195 737 4234 me
754 4166 835 4236 tande
862 4182 921 4246 (sed
937 4184 964 4236 r'u
984 4185 1007 4235 F
1024 4184 1120 4253 potius
1137 4200 1155 4236 u
1172 4182 1281 4236 uidetur
1303 4189 1392 4254 poste

238 4285 295 4322 esse
312 4276 337 4322 et
353 4286 440 4341 supro
457 4285 474 4324 a
490 4287 597 4326 erastum
622 4264 640 4338 ⁹)
658 4278 702 4327 tru
721 4269 750 4327 st
766 4275 847 4336 ,mulfo
866 4273 910 4344 Fu
990 4279 1028 4336 ,29
1051 4271 1169 4346 ingeniti
1187 4261 1210 4341 (⁸
1227 4287 1343 4331 crustant
1367 4272 1392 4332 F,

238 4368 355 4429 ingenita
373 4384 392 4432 φ
