2934 4900
204 223 208 230 ¹
234 197 274 259 92
619 199 621 206 ’
756 208 848 253 1111111
869 206 891 251 v

236 371 354 448 guttae.
393 365 439 430 sio
474 363 587 446 ignara
614 361 740 446 Psyche
772 366 886 443 sponte
907 361 942 423 in
964 360 1092 424 Amoris
1112 357 1226 423 incidit
1247 377 1395 423 amorem.

234 483 310 540 tunc
343 475 447 557 magis
475 473 647 556 magisque
676 470 826 556 cupidine
862 469 1004 552 flagrans
1034 468 1203 554 Cupidinis
1233 489 1339 552 prona
1368 469 1395 531 in

235 605 306 651 eum
330 585 471 650 efflictim
492 583 622 650 inhians
644 581 765 667 patulis
787 600 825 644 ac
846 579 1066 666 petulantibus
1087 580 1189 645 saulis
1212 579 1396 645 festinanter

233 696 371 778 ingestis
394 694 434 759 dc
456 695 558 760 somni
582 713 733 759 mensura
754 691 926 756 metuebat.
950 690 1008 756 sed
1023 690 1097 754 dum
1113 689 1199 754 bono
1221 696 1313 755 tanto
1335 709 1416 774 per·¹

203 885 205 891 Ι
235 806 298 870 cita
320 805 432 871 saucia
453 811 560 869 mente
582 803 729 881 fluctuat,
766 804 898 867 lucerna
924 801 982 865 illa
1004 800 1073 866 siue
1095 800 1231 883 perfidia
1256 802 1395 884 pessima
1408 781 1432 900 ᾖ

236 917 305 983 siue
327 914 452 980 inuidia
472 916 571 980 noxia
603 913 679 1005 siue
707 913 792 997 quod
819 913 885 977 talc
907 931 1023 995 corpus
1045 911 1231 994 contingere
1254 918 1287 976 ct
1308 914 1393 995 quasi

140 1107 141 1114 ἵ
236 1027 364 1092 basiare
380 1026 499 1110 etipsa
520 1025 697 1109 gestiebat
713 1026 853 1091 euomuit
868 1026 909 1090 de
924 1047 1050 1092 summa
1064 1027 1195 1093 luminis
1210 1030 1261 1094 sui
1284 1028 1394 1093 stillam

235 1137 389 1202 feruentis
417 1137 480 1201 olei
509 1155 606 1220 super
626 1156 784 1201 umerum
820 1136 874 1201 dei
911 1136 1088 1202 dexterum.
1132 1137 1205 1203 hcm
1235 1137 1344 1203 audax
1369 1144 1395 1200 ct

130 1271 134 1280 ·
236 1246 407 1312 temeraria
427 1246 560 1311 lucerna
576 1253 608 1311 et
622 1247 741 1311 amoris
754 1247 819 1312 uile
834 1246 1046 1312 ministerium
1066 1247 1173 1333 ipsum
1194 1248 1280 1330 ignis
1303 1248 1392 1313 totius

235 1357 398 1423 dominum
417 1355 546 1440 aduris,
571 1375 640 1421 curn
664 1363 696 1422 te
718 1357 841 1424 scilicet
862 1364 985 1421 amator
1013 1359 1130 1442 aliquis
1153 1365 1187 1423 ut
1209 1358 1330 1424 diutius
1350 1377 1393 1421 cu·
1409 1369 1429 1416 ro

236 1469 312 1554 pitis
335 1468 433 1533 ctiam
454 1474 548 1532 nocte
569 1467 729 1550 potiretur
748 1467 870 1550 primus
892 1467 1063 1534 inuenerit.
1084 1467 1133 1535 sic
1148 1469 1274 1536 inustus
1289 1469 1394 1534 exiluit

236 1578 315 1643 deus
336 1577 472 1662 uisaque
494 1577 636 1643 defectae
658 1577 734 1642 fidei
758 1578 895 1643 colluuie
916 1597 1048 1663 prorsus
1070 1599 1112 1644 cx
1126 1581 1227 1646 oculis
1250 1587 1281 1646 et
1302 1579 1393 1643 mani-

83 1690 213 1758 XXIIII
237 1689 297 1754 bus
320 1688 560 1754 infelicissimae
583 1688 727 1771 coniugis
756 1689 872 1754 tacitus
900 1689 1054 1754 auolauit.
1091 1691 1273 1775 atPsycbe
1295 1691 1393 1757 statim

235 1798 433 1881 resurgentis
468 1799 537 1864 eius
569 1817 660 1864 crure
690 1797 824 1864 dextero
845 1799 994 1865 manibus
1016 1797 1174 1866 ambabus
1197 1801 1329 1885 adrepto
1351 1820 1392 1865 su-

237 1909 344 1974 blimis
382 1909 558 1974 euectionis
591 1907 757 1992 adpendix
788 1909 976 1975 miseranda
1003 1917 1035 1974 et
1057 1930 1115 1994 per
1135 1911 1266 1978 nubilas
1288 1912 1392 1995 plagas
1407 1925 1427 1972 b

236 2019 371 2106 penduli
393 2018 562 2084 comitatus
585 2025 730 2084 extrema
762 2020 938 2102 consequia
968 2019 1101 2086 tandem
1131 2022 1220 2087 fessa
1242 2021 1391 2087 delabitur

236 2130 314 2196 solo.

321 2241 390 2304 Neo
405 2237 484 2306 deus
508 2245 632 2305 amator
653 2240 743 2305 humi
765 2241 923 2306 iacentem
947 2241 1101 2308 deserens
1122 2241 1280 2308 inoulanit
1299 2241 1393 2326 proxi·

237 2371 323 2415 mam
345 2368 533 2433 cupressum
562 2349 665 2431 deque
694 2352 763 2416 eius
800 2352 865 2416 alto
894 2353 1060 2417 cacumine
1088 2352 1136 2418 sio
1163 2371 1234 2416 earn
1262 2352 1394 2435 grauiter

236 2467 412 2527 commotus
434 2460 561 2526 adfatur
1405 2467 1426 2515 '20

321 2564 402 2655 ‘Ego
425 2572 564 2655 quidem,
588 2572 832 2656 simplicissima
846 2574 981 2657 Psyche,
1005 2575 1148 2659 parentis
1163 2594 1256 2640 meac
1269 2573 1392 2639 Veneris

236 2688 479 2767 praeceptorum
512 2683 694 2764 immernor,
728 2702 812 2765 quae
845 2691 876 2749 te
905 2685 1015 2750 miseri
1038 2686 1237 2770 extremique
1265 2684 1392 2751 hominis

237 2794 421 2860 deuinctam
455 2793 606 2877 cupidine
634 2793 744 2858 infimo
774 2795 976 2859 matrimonio
1005 2795 1111 2861 addici
1141 2797 1295 2868 iusserat,
1330 2796 1392 2880 ipse

237 2906 344 2989 potius
369 2909 493 2969 amator
515 2904 667 2968 aduolaui
681 2904 750 2969 tibi.
774 2903 833 2970 sed
854 2904 991 2970 hocfeci
1013 2905 1136 2988 leuiter,
1160 2908 1238 2982 scio,
1261 2915 1292 2972 et
1309 2923 1392 2991 prae

234 2998 343 3081 'clarus
366 3014 421 3080 ille
445 3014 632 3098 sagittarius
654 3015 726 3098 ipse
748 3035 800 3079 me
822 3016 887 3080 telo
908 3036 980 3081 meo
1009 3016 1154 3101 percussi
1182 3023 1278 3101 teque
1299 3016 1392 3081 6111111-
1404 3022 1425 3072 tt

237 3145 310 3209 gem
334 3144 439 3189 meam
461 3125 523 3190 leci
545 3132 579 3189 ut
613 3125 717 3191 bestia
746 3125 868 3191 scilicet
903 3126 963 3191 tibi
991 3127 1121 3192 uiderer
1144 3135 1176 3193 et
1204 3129 1287 3193 terro
1308 3130 1392 3210 caput

239 3234 405 3301 excideres
430 3242 550 3316 meum,
574 3234 659 3317 quod
681 3237 762 3301 istos
784 3244 944 3303 amatores
965 3243 1037 3303 tuos
1060 3239 1169 3303 oculos
1191 3240 1289 3322 gerit!
1324 3239 1391 3302 baec

238 3347 296 3412 tibi
316 3344 492 3410 identidem
515 3364 643 3430 semper
665 3346 812 3411 cauenda
834 3348 1015 3429 censebam,
1038 3348 1119 3413 hacc
1140 3349 1290 3414 beniuole
1303 3367 1389 3413 reno

238 3458 366 3523 nobam.
390 3453 449 3521 sed
471 3456 548 3520 illae
570 3455 700 3539 quidem
723 3458 956 3523 consiliatrices
972 3460 1124 3541 egregiae
1147 3466 1222 3525 tuac
1244 3466 1307 3525 tarn
1327 3478 1389 3544 per·

239 3568 354 3633 niciosi
385 3565 563 3649 magisterii
585 3565 709 3630 dabunt
742 3573 883 3631 actutum
904 3568 983 3632 mihi
1004 3589 1144 3653 poenas,
1178 3577 1210 3635 te
1239 3590 1314 3636 uero
1333 3578 1390 3633 tan·
1403 3576 1423 3625 ³⁰

240 3686 305 3743 tum
328 3678 404 3761 fuga
433 3696 506 3741 mea
536 3670 708 3761 puniuero'
745 3685 777 3743 et
804 3698 875 3743 oum
903 3680 1038 3744 termino
1062 3681 1219 3746 sermonis
1240 3681 1345 3765 pinnis
1364 3678 1390 3741 in

239 3791 339 3853 altum
363 3808 398 3854 sc
420 3788 586 3873 proripuit.

240 3910 295 3918 ——u

306 3946 501 4019 afraglansb'
568 3938 721 4000 3laban
788 3952 818 4000 to
836 3947 901 4004 dmst
919 3949 985 4018 rsait
1002 3950 1014 4002 1
1022 3949 1127 4013 ataid.)
1141 3950 1171 4013 F,
1189 3946 1292 4018 dirffiqr
1340 3945 1393 4000 adu-

238 4047 276 4099 rrl
292 4065 309 4100 a
327 4061 409 4098 manu
433 4041 552 4097 secunda
577 4041 605 4093 ia
621 4056 676 4093 ras.
700 4042 832 4113 scrqotam
856 4045 884 4096 ia
901 4044 927 4093 F
1014 4048 1042 4095 12
1066 4041 1188 4096 defectae
1210 4040 1338 4096 Iadrrius:
1358 4038 1392 4091 de

238 4171 308 4219 tecte
326 4164 368 4233 Fa
444 4125 606 4228 6111111161
681 4165 712 4213 14
730 4160 842 4229 abrepto
861 4161 904 4230 Fp
982 4164 1011 4215 18
1029 4167 1146 4216 amatam
1163 4161 1278 4216 coniecit
1292 4158 1392 4214 datarus

239 4260 269 4311 25
290 4258 404 4327 11611111.
422 4256 489 4325 rsart
505 4256 535 4309 ai
549 4252 637 4325 fallor
653 4258 675 4317 t)
693 4254 724 4318 F,
742 4255 829 4323 pculb
847 4275 867 4322 φ
953 4259 985 4307 27
1004 4256 1175 4323 exciderelp
1199 4259 1226 4307 et
1250 4260 1281 4307 ut
1301 4251 1352 4305 aid.
1366 4248 1390 4318 f:

239 4350 345 4404 excidet
360 4351 384 4401 r‘
468 4352 502 4402 28
519 4354 546 4403 te
564 4350 704 4403 monebam
722 4348 836 4402 coniecit
853 4346 999 4419 Scioppius
1084 4353 1117 4401 30
1134 4349 1215 4402 mrchr
1232 4345 1351 4417 penali*
