2934 4900
230 191 270 254 8ss
749 204 840 269 urpar
862 207 885 252 r

228 361 327 426 anxia
342 367 495 430 ,numerat
516 368 548 425 et
570 361 716 426 sarcinae
739 360 868 426 nesciae
891 358 1070 426 rudimento
1087 360 1220 426 miratur
1241 359 1282 426 de
1306 357 1400 422 breui

229 472 380 556 punctulo
403 477 526 536 tantum
552 471 816 535 incrementulum
839 472 1005 555 locupletis
1021 472 1113 536 uteri.
1130 470 1189 536 sed
1202 471 1268 534 iam
1289 474 1401 554 pestes

228 584 304 648 illae
326 582 593 664 taeterrimaeque
622 581 726 646 furiae
749 581 939 648 anhelantes
961 583 1127 666 uiperenm
1148 582 1237 646 uirus
1260 593 1293 645 ct
1315 579 1402 643 festi-

228 698 343 758 nantes
371 693 472 776 impia
499 691 665 756 celeritate
697 693 906 774 nauigabant.
943 699 1019 757 tunc
1047 693 1094 758 sic
1122 693 1237 756 iterum
1259 710 1401 754 momen-

228 804 328 869 tarius
344 803 477 867 maritus
490 822 581 868 suam
594 802 743 886 Psychen
755 801 906 868 admonet
919 796 1002 868 ‘dies
1018 803 1130 867 ultima
1142 809 1174 866 et
1186 821 1284 867 casus
1300 807 1402 864 extre·
1417 817 1427 861 s

130 979 133 985 Δ
229 935 300 980 mus
322 920 354 978 ct
375 932 472 978 sexus
494 911 630 978 infestus
653 918 685 977 et
706 914 839 996 sanguis
861 913 1010 978 inimicus
1031 914 1098 977 iam
1113 913 1251 996 sumpsit
1264 930 1362 974 arma
1375 916 1403 972 et

229 1030 336 1089 castra
358 1023 529 1086 commouit
552 1029 583 1086 ct
605 1023 708 1088 aciem
730 1023 848 1088 direxit
870 1030 902 1087 et
924 1023 1094 1089 classicum
1117 1023 1317 1107 personanit.
1340 1022 1400 1084 iam
1451 1082 1452 1087 ,

146 1169 150 1180 =
230 1152 380 1199 mucrone
402 1132 554 1200 destricto
582 1132 727 1215 iugulum
750 1140 838 1198 tuum
859 1134 1003 1198 nefariae
1032 1141 1106 1198 triae
1128 1151 1254 1199 sorores
1277 1139 1402 1216 petunt.

230 1244 294 1309 heu
309 1244 438 1326 quantis
450 1263 626 1325 urguemur
641 1243 797 1327 cladibus,
814 1244 940 1328 Psyche
955 1243 1159 1310 dulcissima!
1174 1244 1221 1307 tui
1236 1243 1402 1324 nostrique
1451 1254 1452 1259 ’

230 1345 383 1420 miserere
420 1353 637 1436 religiosaque
673 1353 871 1422 continentia
906 1352 1035 1419 domum
1063 1355 1212 1419 maritum
1240 1360 1342 1436 teque
1374 1357 1403 1416 et
1419 1371 1439 1418 n

229 1465 326 1531 istum
348 1464 517 1549 paruulum
540 1471 683 1529 nostrum
714 1463 911 1530 imminentis
944 1466 1057 1530 ruinae
1085 1463 1257 1530 infortunio
1290 1463 1402 1527 libera.

230 1595 290 1639 nec
311 1575 385 1640 illas
408 1574 560 1640 scelestas
585 1575 732 1656 feminas,
756 1595 838 1657 quas
860 1575 919 1639 tibi
941 1584 1016 1658 post
1037 1575 1270 1640 interneciuum
1295 1573 1402 1638 odium

232 1692 264 1750 et
285 1685 409 1749 calcata
431 1684 598 1767 sanguinis
623 1685 756 1752 foedera
784 1702 911 1752 sorores
940 1687 1105 1770 appellare
1134 1705 1199 1749 non
1227 1685 1323 1765 licet,
1354 1684 1403 1747 uel
1452 1740 1453 1773 q

231 1794 344 1861 uideas
366 1781 421 1860 uel
443 1794 557 1859 audias
574 1814 644 1859 cum
667 1796 701 1859 in
723 1817 844 1862 morem
860 1797 1009 1862 Sirenum
1032 1797 1162 1881 scopulo
1184 1796 1402 1879 prominentes
1452 1780 1453 1841 Ῐ

234 1905 368 1972 funestis
391 1904 524 1969 uocibus
549 1925 632 1970 saxa
653 1900 891 1989 personabunt.³
1420 1913 1439 1959 1³>

129 1992 211 2058 Xffl
318 2014 458 2098 Suscipit
486 2014 612 2098 Psyche
649 2003 792 2099 singultu
827 2019 998 2084 lacrimoso
1027 2037 1207 2083 sermonem
1240 2018 1403 2094 incertam

228 2120 305 2191 ‘iam
329 2124 458 2207 dudum,
483 2124 568 2208 quod
591 2126 706 2206 sciam,
737 2127 813 2193 fidei
834 2135 930 2212 atque
952 2129 1151 2213 parciloquio
1173 2147 1244 2191 mco
1267 2146 1404 2211 perpen-

231 2237 307 2302 disti
330 2235 521 2300 dceumenta
551 2255 611 2300 nec
639 2255 676 2300 eo
710 2238 810 2304 setius
846 2238 1078 2322 adprobabitur
1106 2239 1162 2302 tibi
1193 2256 1277 2303 nunc
1309 2238 1405 2301 etiam

225 2347 367 2411 'firmitas
390 2346 489 2410 animi
512 2346 584 2410 mei.
616 2352 650 2411 tu
672 2346 766 2411 modo
788 2348 938 2433 Zephyro
960 2356 1069 2416 nostro
1098 2369 1224 2414 rursum
1252 2348 1404 2431 praecipe
1453 2332 1454 2371 l

233 2458 385 2540 fungatur
407 2456 561 2540 obsequio
586 2466 617 2523 et
639 2458 673 2523 in
695 2459 797 2523 uicem
813 2460 993 2545 denegatae
1010 2466 1235 2526 sacrosanctae
1251 2459 1404 2543 imaginis
1418 2473 1440 2521 a

235 2575 309 2632 tuae
332 2564 431 2633 redde
454 2568 569 2632 saltem
593 2577 800 2654 conspectum
823 2591 966 2637 sororum
989 2592 1048 2656 per
1068 2573 1148 2637 istos
1163 2571 1353 2636 cinnameos
1376 2574 1404 2633 et

233 2677 375 2761 undique
397 2675 554 2762 pendulos
579 2680 684 2745 crines
706 2687 789 2762 tuos,
824 2700 882 2766 per
914 2690 1043 2748 teneras
1070 2691 1102 2746 et
1129 2688 1247 2745 teretes
1269 2687 1303 2744 ct
1326 2680 1403 2744 meis

184 2846 187 2853 ,
234 2788 355 2854 similes
376 2807 488 2870 genas,
511 2807 569 2871 per
590 2795 700 2872 pectus
728 2788 838 2857 nescio
868 2811 930 2874 quo
959 2793 1065 2857 calore
1092 2791 1267 2858 ferundum!
1295 2791 1346 2855 sic
1374 2790 1404 2854 in

237 2898 297 2962 hoc
320 2898 434 2965 saltem
457 2900 592 2982 paruulo
616 2919 809 2983 cognoscam
830 2904 946 2968 facicm
968 2910 1071 2967 tuam:
1101 2902 1256 2987 supplicis
1285 2902 1402 2966 anxiae
1418 2883 1456 2978 pri

232 3008 295 3093 piis
317 3008 468 3092 precibus
491 3016 640 3091 erogatus
662 3013 810 3094 germani
832 3014 1016 3098 complexus
1044 3012 1177 3096 indulge
1210 3012 1350 3077 fructum
1377 3016 1405 3074 et
1418 3017 1440 3065 n

171 3186 176 3197 ,
232 3119 291 3184 tibi
313 3119 449 3183 denotas
469 3118 616 3203 Psychae
638 3122 779 3186 animam
794 3122 914 3205 gaudio
936 3143 1056 3189 recrea.
1079 3123 1327 3206 necquicquam
1343 3142 1405 3186 am·

138 3284 142 3291 .
233 3228 318 3311 plius
339 3228 373 3292 in
397 3236 451 3293 tuo
475 3231 565 3294 uultu
594 3233 739 3314 requiro,
776 3234 841 3298 iam
874 3235 921 3299 nil
949 3235 1092 3300 officiunt
1120 3234 1199 3299 mihi
1230 3233 1283 3298 uel
1314 3233 1405 3318 ipsae

234 3344 409 3405 nocturnae
431 3340 607 3406 tenebrae:
630 3350 723 3407 teneo
746 3352 778 3411 tc
801 3365 905 3410 meum
928 3336 1055 3410 lumen.³

317 3448 376 3514 His
398 3450 505 3515 uerbis
529 3457 560 3516 et
584 3452 789 3536 amplexibus
810 3456 960 3520 mollibus
983 3433 1172 3520 decantatus
1202 3454 1340 3519 maritus
1362 3455 1403 3518 la-

303 3703 421 3757 1nescra
438 3705 522 3776 uulgo
590 3704 742 3760 rudimenta
758 3710 843 3779 uulgo
935 3712 1103 3760 bertramus
1125 3707 1164 3759 elt
1189 3705 1291 3757 .lexus
1314 3706 1404 3759 coaic-

613 3788 622 3815 1

233 3821 271 3874 cit
293 3819 410 3875 Iahnius
505 3824 634 3893 blangul
658 3825 687 3879 F
774 3831 790 3881 9
814 3826 963 3881 dulcissima
987 3826 1083 3893 ·(fuit
1101 3826 1121 3888 l)
1147 3824 1185 3887 F,
1212 3822 1364 3877 dulcissima
1386 3843 1402 3891 φ

236 3943 265 3992 10
283 3902 373 3994 minti
401 3942 469 4011 (fait
486 3948 510 4007 c)
529 3944 568 4009 F,
594 3950 732 4031 mantug
821 3950 849 4000 13
868 3945 960 4001 federa
978 3944 1006 3998 F
1020 3943 1142 4013 ,apellare
1168 3943 1197 3997 F
1281 3947 1310 3995 14
1331 3939 1366 3996 ch
1380 3960 1404 3996 m

233 4073 306 4111 more
323 4058 361 4123 F,
385 4069 420 4113 cu
436 4078 465 4115 rn
484 4062 489 4133 l
507 4070 618 4132 morep
713 4068 743 4118 21
764 4065 923 4135 cynnameol
941 4064 970 4117 F
1059 4069 1091 4117 22
1108 4066 1200 4119 teretis
1216 4062 1256 4128 F,
1278 4026 1403 4130 urendo

234 4152 266 4202 26
278 4157 345 4220 post
373 4150 469 4224 deuote
492 4170 587 4210 erasae
607 4159 726 4227 quinque
748 4159 795 4212 ael
810 4175 862 4211 sea
885 4158 1019 4212 litterulae
1048 4156 1124 4221 (nerlu
1147 4158 1292 4214 masmar
1317 4161 1403 4229 praem

237 4242 333 4331 deuote
359 4262 465 4301 ausam
488 4264 561 4313 esse,
583 4266 644 4304 aum
669 4252 847 4321 dedrcathuc
862 4267 995 4321 unusquam
1016 4253 1212 4321 campanilia
1229 4252 1260 4316 F,
1279 4268 1404 4331 cetego>

238 4336 335 4404 psyche
352 4338 381 4391 F
581 4338 582 4343 ’
