2934 4900
241 224 281 282 64
743 239 836 286 muru
857 236 911 282 1111

239 395 336 472 foret,
367 410 432 456 non
455 387 552 456 sociis
581 387 649 455 suis
672 390 786 457 sedin
807 392 934 458 alienos
962 393 1049 458 lares
1070 377 1150 456 iam⁴
1164 396 1272 455 certus
1294 390 1396 454 erroris

238 502 397 582 abiceret,
430 498 598 586 suspendit
627 519 661 566 se
690 501 832 568 fenestra
860 503 1021 586 sagaciter
1048 507 1276 588 perspecturus
1303 501 1396 564 omnia

238 610 429 696 praesertim
458 610 572 676 domus
599 612 758 694 attiguae,
788 620 823 678 ut
852 612 980 679 dixerat
1006 614 1078 696 illa,
1110 613 1255 677 fortunas
1276 610 1396 675 arbitra·

238 729 338 787 turus.
376 719 461 804 quod
484 741 556 786 eum
579 728 707 788 strenue
730 721 860 806 quidem
883 730 915 788 et
936 725 1017 790 satis
1048 721 1217 808 inprouide
1239 728 1394 786 conanum

239 832 342 897 senile
364 829 445 895 illud
461 831 585 896 facinus
608 853 792 918 quanquam
808 833 952 898 inualido
974 833 1143 937 repentino
1158 841 1268 898 tamen
1289 838 1321 896 et
1339 832 1393 895 ino·

237 941 349 1024 pinato
378 943 473 1027 pulsu
501 949 667 1009 nutantem
690 963 729 1008 ac
750 942 925 1028 pendulum
955 945 1042 1010 etin
1064 935 1237 1028 prospectu
1265 941 1393 1024 alioquin

237 1053 406 1116 attonitum
438 1071 595 1138 praeceps
627 1053 739 1137 inegit.
787 1055 842 1138 qui
872 1061 1002 1138 praeter
1034 1053 1238 1119 altitudinem
1274 1054 1392 1118 nimian

237 1181 335 1246 super
363 1162 525 1246 quendam
554 1164 651 1230 etiam
681 1165 901 1230 uastissimum
929 1163 1071 1250 lapidem
1098 1170 1231 1248 propter
1250 1164 1392 1228 iacentem

235 1271 383 1338 recidens
411 1273 573 1356 perfracta
604 1274 786 1358 diffusaque
819 1282 906 1339 crate
933 1282 1094 1341 costarum
1121 1274 1209 1340 riuos
1239 1274 1391 1358 sanguinis

235 1401 369 1448 uomens
391 1384 500 1448 imitus
521 1384 725 1468 narratisque
740 1383 835 1451 nobis
857 1404 941 1468 quae
962 1392 1056 1469 gesta
1077 1391 1152 1451 sunt
1172 1405 1238 1450 non
1260 1384 1315 1476 diu
1335 1403 1391 1448 cru·
1407 1395 1423 1439 11

235 1493 338 1558 clatus
360 1492 460 1558 uitam
483 1495 596 1562 euasit.
634 1515 728 1579 quem
751 1495 869 1579 prioris
884 1497 1032 1581 exemplo
1055 1496 1239 1580 sepulturae
1253 1494 1390 1560 traditum

234 1599 364 1669 bonum
377 1612 554 1670 secutorem
576 1605 740 1670 Lamacho
763 1604 920 1671 dedimus.

133 1719 214 1786 XIII
321 1717 412 1780 Tunc
434 1716 579 1782 orbitatis
602 1715 722 1800 duplici
744 1717 843 1801 plaga
863 1716 955 1800 petiti
977 1716 1107 1799 iamque
1124 1714 1291 1780 Thebanis
1312 1733 1390 1778 cona·

233 1825 319 1891 tibus
354 1825 532 1892 abnuentes
560 1828 712 1892 Plataeas
744 1827 924 1911 proximam
954 1824 1199 1892 conscendimus
1232 1825 1389 1890 ciuitatem.

233 1935 279 2001 ibi
301 1936 420 2002 famam
442 1936 601 2001 celebrem
631 1956 728 2021 super
760 1936 898 2020 quodam
920 1936 1122 2002 Demochare
1144 1956 1259 2001 munus
1281 1935 1423 2000 edituros

232 2046 460 2129 gladiatorium
488 2045 771 2132 deprehendimus,
808 2068 883 2112 nam
906 2048 956 2111 uir
978 2034 1010 2112 et
1030 2065 1150 2130 genere
1178 2045 1347 2132 primarius
1367 2052 1391 2108 et
1443 2090 1444 2093 η

232 2157 348 2240 opibus
371 2157 517 2240 pluribus
540 2162 572 2222 et
592 2157 788 2223 liberalitate
821 2158 1015 2241 praecipuus
1037 2157 1135 2240 digno
1157 2157 1304 2222 fortunae
1325 2173 1390 2221 suae

233 2265 405 2352 splendore
431 2267 578 2350 publicas
608 2269 791 2351 uoluptates
819 2268 1008 2334 instruebat,
1045 2268 1118 2352 quis
1140 2273 1249 2332 tantus
1271 2265 1390 2350 ingenii,

233 2377 305 2461 quis
328 2376 498 2442 facundiae
521 2378 576 2463 qui
600 2379 746 2463 singulas
768 2379 893 2466 species
916 2384 1092 2464 apparatus
1114 2377 1275 2461 multiiugi
1296 2375 1391 2442 uerbis

233 2487 359 2554 idoneis
396 2497 506 2573 posset
541 2491 727 2575 explicare?
774 2489 971 2574 gladiatores
1007 2490 1062 2555 isti
1098 2490 1242 2555 famosae
1279 2508 1389 2564 manus,
1403 2489 1423 2536 11

234 2604 404 2664 uenatores
426 2600 474 2663 illi
495 2600 651 2683 probatae
674 2586 888 2685 pernicitatis,
924 2600 1003 2665 alibi
1025 2598 1114 2664 noxii
1141 2598 1268 2684 perdita
1289 2597 1392 2665 securi·
1445 2675 1446 2690 χ

215 2708 299 2774 ¹tate
321 2707 387 2775 suis
416 2710 520 2793 epulis
550 2709 725 2775 bestiarum
755 2711 886 2793 saginas
914 2711 1119 2777 instruentes.
1157 2709 1316 2775 confixilis
1336 2727 1391 2771 ma·

233 2819 349 2885 clrinae
377 2820 520 2885 sublicae
549 2828 653 2887 turres
681 2820 862 2885 tabularum
896 2820 1034 2885 nexibus
1067 2820 1110 2884 ad
1137 2819 1239 2883 instar
1273 2820 1392 2883 circum·

233 2930 384 2995 foraneae
407 2929 538 3014 domus,
567 2930 702 2997 floridae
730 2932 889 3016 picturae,
920 2930 1039 2996 decora
1067 2931 1192 2994 futurae
1219 2928 1391 2995 uenationis

232 3041 443 3124 receptacula.
481 3042 535 3125 qui
547 3048 715 3126 praeterea
730 3062 892 3125 nurnerus,
917 3062 1000 3127 quae
1021 3042 1122 3106 facies
1143 3040 1305 3105 ferarum?
1326 3058 1392 3103 nam
1405 3043 1424 3091 rt

232 3151 406 3236 praecipuo
429 3152 535 3217 studio
550 3153 670 3219 forensi
686 3154 782 3218 etlam
798 3154 976 3218 aduexerat
991 3171 1150 3235 generosa
1164 3151 1220 3215 illa
1235 3149 1392 3215 damnato·

232 3282 302 3325 rum
315 3262 455 3347 capitum
469 3264 591 3328 funera.
616 3262 673 3329 sed
687 3271 815 3347 praeter
829 3269 967 3328 ceteram
984 3262 1122 3346 speciosi
1141 3261 1282 3326 muneris
1297 3258 1392 3343 supel-

231 3371 370 3435 lectilem
386 3371 460 3439 totis
475 3380 645 3457 utcumque
664 3373 849 3458 patrimonii
864 3373 986 3438 uiribus
999 3372 1150 3437 immanis
1165 3391 1260 3437 ursae
1276 3387 1391 3452 compa·

231 3482 324 3545 rabat
339 3501 507 3547 numerum
523 3484 697 3567 copiosum.
734 3505 810 3549 uam
826 3491 953 3568 praeter
967 3483 1152 3549 domesticis
1175 3480 1389 3547 uenationibus

232 3598 344 3674 captas
361 3598 489 3676 praeter
501 3594 600 3677 largis
610 3593 825 3679 emptionibus
837 3601 947 3679 partas
958 3594 1133 3658 amicorum
1146 3593 1244 3657 etiam
1258 3589 1388 3656 donatio·
1402 3595 1424 3642 3⁰

231 3685 326 3767 nibus
342 3701 442 3767 uariis
460 3706 604 3768 certatim
621 3705 747 3771 oblatas
761 3707 861 3769 tutela
877 3711 1063 3788 sumptuosa
1078 3704 1214 3769 sollicite
1229 3700 1388 3767 nutriebat.

299 3986 314 4037 2
332 3982 490 4053 plpecturuf
504 3986 544 4039 sle
560 3984 604 4052 Idu
690 3988 704 4037 3
723 3997 756 4036 ae
773 3983 800 4035 ia
818 3987 938 4049 attiguae
951 3996 1041 4051 paene
1058 3994 1178 4051 prorsus
1194 3980 1307 4033 monuit
1322 3972 1389 4036 erl,

230 4077 387 4145 atltmgdq
483 4080 626 4146 Spropter
643 4075 770 4130 Iuntina:
793 4082 829 4143 pt
847 4074 890 4141 Fe
980 4072 1149 4126 1111111111
1176 4074 1216 4127 sic
1240 4072 1283 4141 Fp
1365 4070 1388 4118 11

230 4196 339 4249 orbitati
362 4195 415 4263 Fe,
440 4156 462 4249 d.
486 4197 522 4249 trf
546 4195 608 4251 add.
635 4211 721 4265 marp.
750 4213 769 4262 9⁰
893 4198 922 4245 13
949 4192 1163 4262 petru-plateas
1188 4191 1298 4246 inducto
1321 4191 1346 4244 in
1369 4182 1392 4236 F

233 4292 263 4340 111
282 4306 299 4357 q
316 4286 444 4359 facundie
461 4288 505 4357 Fa
575 4293 607 4342 ’13
628 4287 802 4358 stabulallp:
821 4282 957 4340 ftabularlr
976 4285 1003 4338 F
1067 4289 1100 4339 26
1118 4284 1230 4339 forenfrf
1245 4284 1297 4353 Fp,
1314 4279 1386 4334 forin-

232 4380 576 4437 fecusoouiecr'tHer'usr'us
610 4385 642 4435 28
661 4366 884 4452 suppellectileF
914 4383 943 4433 31
965 4379 1056 4433 oblata
1069 4378 1112 4447 Fp
1148 4382 1181 4433 32
1190 4376 1342 4433 nutriebant
1350 4370 1386 4436 FP
