2934 4900
541 220 614 269 cnr.
637 221 812 267 xnr—xxv
983 190 986 197 ’
1028 260 1029 265 ,
1199 206 1258 268 169

6 370 64 441 [²28]
83 380 313 459 praematurus
341 373 475 439 adforet.
520 379 554 437 at
580 373 637 438 ille
664 372 786 437 dolenti
803 392 939 457 prorsus
961 374 1070 439 animo
1092 373 1259 457 suspirans

84 485 226 552 adsidue
954 504 955 507 ’

171 587 358 661 ‘Nefarium’
382 596 486 679 inquit
511 586 558 659 ‘et
584 590 772 677 extremum
790 593 921 679 facinus
947 593 1093 677 perditae
1106 649 1108 653 .
1121 594 1259 659 feminae

84 708 227 800 tolerare
249 706 407 791 nequiens
429 706 507 788 fuga
528 724 579 770 me
600 704 754 789 proripui.
777 704 851 768 bern
874 704 996 787 qualis,
1019 704 1052 768 di
1075 704 1167 785 boni,
1196 724 1260 769 ma-

53 825 198 898 5trona‚
222 837 319 901 quam
340 816 407 881 fida
428 836 589 901 quamque
611 815 720 882 sobria
742 813 928 899 turpissimo
952 834 987 881 so
1013 813 1173 879 dedecore
1195 814 1259 879 ioe-

85 928 195 992 danit!
231 928 303 991 iuro
330 947 389 1011 per
416 928 512 993 istam
540 946 601 1009 ego
630 932 776 992 sanctam
799 923 949 990 Cererem
976 935 1027 990 me
1056 926 1259 989 nuncetiam

83 1039 171 1105 meis
192 1039 294 1104 oeulis
317 1036 357 1102 de
377 1038 436 1103 tali
458 1038 591 1102 muliere
611 1038 718 1130 minus
741 1027 888 1101 credere?

172 1149 233 1219 His
260 1148 413 1214 instincta
448 1148 557 1213 uerbis
594 1148 701 1214 mariti
729 1146 948 1212 audacissima
975 1166 1055 1211 uxor
1077 1146 1260 1212 noscendae

83 1262 132 1325 rei
157 1260 292 1343 cupiens
329 1279 395 1324 non
431 1266 538 1325 cessat
559 1256 737 1342 optundere
771 1263 870 1321 totam
898 1276 1030 1339 prorsus
1059 1256 1258 1341 aprincipic

37 1377 65 1425 10
82 1371 231 1435 tabulam
258 1377 428 1455 promeret.
457 1388 517 1435 nee
539 1367 663 1435 destitit
691 1366 794 1433 donec
823 1368 892 1433 eius
914 1368 1073 1455 uoluntati
1095 1368 1261 1435 succubuit

82 1481 222 1546 maritus
245 1482 355 1563 etsie,
378 1480 512 1564 ignarus
535 1499 674 1560 suorum,
697 1478 812 1544 domus
835 1478 961 1543 alienae
975 1488 1145 1561 percenset
1165 1478 1259 1549 infcr-

82 1593 211 1657 tunium
600 1577 602 1580 ¹

99 1712 103 1722 ’
169 1694 431 1767 ‘Contubernalis
453 1701 517 1767 mei
539 1700 669 1765 fullonis
697 1718 777 1763 uxor
799 1699 944 1782 alioquin
972 1703 1091 1767 seruati
1124 1704 1254 1787 pudoris
1276 1698 1405 1767 XXIIII
1464 1720 1465 1723 ’

83 1820 119 1877 ut
161 1797 333 1877 uidebatur
366 1812 502 1894 femina,
541 1830 624 1894 qnae
653 1809 795 1875 secundo
823 1829 950 1875 rumore
983 1812 1125 1895 gloriosa
1158 1816 1257 1881 larem

37 1933 63 1980 15
82 1923 194 1987 mariti
216 1921 332 2006 pudice
354 1922 571 2005 gubernabat,
609 1920 733 1985 occulta
754 1920 890 1985 libidine
911 1923 1091 2005 prorumpit
1111 1926 1145 1989 in
1168 1926 1258 1993 adul-

81 2041 188 2099 terum
212 2034 406 2116 quempiam.
450 2050 585 2113 eumque
612 2030 747 2097 lurtiuos
780 2031 948 2113 amplexus
976 2033 1079 2097 obiret
1111 2036 1257 2113 adsidue,

81 2144 157 2228 ipso
186 2143 243 2207 illo
273 2142 413 2226 denique
448 2147 609 2206 momento
638 2160 701 2224 quo
729 2160 789 2207 nos
820 2142 900 2207 lauti
928 2161 1039 2208 cenam
1067 2142 1257 2231 petebamus
1316 2182 1318 2188 ·

81 2273 158 2318 eum
180 2253 295 2318 eodem
324 2253 379 2317 illo
402 2253 519 2317 iuuene
546 2252 740 2345 miscebatur
767 2251 800 2315 in
830 2251 998 2318 Venerem.
1044 2273 1119 2339 ergo
1148 2265 1258 2323 nostra

80 2372 219 2450 repente
255 2364 385 2429 turbata
420 2363 608 2447 praesentia
643 2362 801 2429 subitario
831 2362 926 2427 ducta
954 2364 1089 2431 consilio
1118 2369 1257 2435 eundem

33 2478 63 2528 to
80 2477 175 2541 illurn
205 2475 384 2542 subiectum
413 2474 555 2558 contegit
581 2474 724 2538 uiminea
752 2492 867 2558 cauea,
901 2493 985 2556 quae
1013 2476 1144 2543 fustium
1171 2469 1257 2546 flexu

79 2586 177 2652 tereti
199 2584 233 2649 in
255 2591 376 2650 rectum
398 2590 576 2668 aggregata
603 2585 763 2662 cumulum
796 2585 932 2651 lacinias
960 2586 1173 2656 circumdatas
1196 2591 1258 2657 sul-

80 2698 158 2762 fusa
180 2693 320 2759 candido
342 2695 428 2760 furno
450 2695 580 2761 sulfuris
601 2695 786 2778 inalbabat‚
816 2689 917 2779 eoque
939 2697 1004 2761 iam
1027 2704 1061 2762 ut
1084 2699 1146 2764 sibi
1168 2701 1258 2766 uidc-

79 2808 180 2872 batur
215 2806 377 2871 tutissime
412 2807 515 2870 celato
552 2824 697 2870 mensam
730 2805 897 2872 nobiscum
927 2825 1039 2873 secura
1074 2810 1256 2895 participat.

80 2915 245 2982 interdurn
273 2916 430 2981 acerrimo
457 2915 614 2998 grauique
642 2914 741 2980 odore
777 2915 908 2982 sulfuris
944 2917 1072 2984 iuuenis
1094 2919 1257 2988 inescatus

32 3034 61 3083 25
80 3035 181 3111 atque
203 3025 410 3092 obnubilatus
432 3023 741 3109 intercluso'spiritu
765 3025 929 3092 diffluebat
965 3036 1062 3112 utque
1090 3037 1140 3096 est
1168 3031 1255 3115 inge·

80 3138 173 3202 nium
201 3136 326 3202 uiuacis
355 3136 490 3218 metalli,
527 3135 657 3202 crebras
686 3136 716 3201 ei
747 3139 996 3204 sternutationes
1026 3143 1255 3207 commonebat.

79 3255 181 3330 atque
202 3253 238 3311 ut
258 3246 396 3331 primum
412 3265 453 3311 cx
466 3246 598 3330 regione
620 3247 764 3313 mulieris
779 3266 863 3331 pone
878 3254 1003 3332 tergum
1025 3249 1094 3316 eius
1117 3253 1249 3319 maritus
1272 3227 1366 3293 XXV

80 3363 253 3439 acceperat
274 3377 388 3422 sonum
404 3357 647 3423 sternutationis
662 3348 711 3402 -’
726 3356 812 3441 quod
826 3359 912 3422 enim
926 3366 1055 3443 putaret
1074 3360 1115 3424 ab
1132 3381 1172 3427 ea
1185 3384 1255 3447 pro-

80 3469 200 3534 fectum
216 3501 258 3511 -
274 3466 368 3532 solito
384 3485 532 3534 sermone
548 3468 684 3534 salutem
702 3468 732 3533 ei
752 3469 856 3532 luerat
877 3468 1070 3552 imprecatus
1087 3478 1118 3536 et
1140 3471 1253 3537 iterato

30 3595 61 3645 30
79 3597 211 3644 rursum
223 3584 254 3641 et
265 3577 473 3661 frequentato.
484 3577 613 3662 saepius
628 3577 731 3644 donee
744 3579 790 3642 rei
802 3579 968 3646 nimietate
979 3587 1156 3648 commotus
1170 3583 1255 3664 quod

150 3886 268 3941 4an
348 3887 486 3959 tledaurt
510 3888 539 3942 F
620 3851 711 3944 firbro
729 3889 758 3943 F
842 3895 871 3943 14
895 3886 936 3945 d’o
955 3906 1015 3944 rum
1041 3892 1069 3945 ia
1089 3889 1172 3948 leed'o
1190 3922 1200 3945 s
1217 3923 1256 3946 n

78 3996 189 4036 rumore
206 3997 225 4034 a
241 3996 324 4034 manu
341 3980 462 4036 secunda
480 3983 509 4034 tn
526 3997 580 4036 rus.
598 3983 703 4054 coapata
721 3984 749 4036 in
766 3982 801 4049 F,
816 3984 874 4052 l'ep
894 3984 1034 4050 secundolt
1053 4000 1099 4038 ore
1116 4005 1136 4054 φ
1225 3990 1253 4038 tl

76 4069 216 4143 lantralnd
233 4073 299 4140 (cdd.
315 4073 406 4144 suesce
424 4089 463 4138 ee,
481 4070 588 4129 entend
605 4059 668 4129 add.
688 4090 719 4130 ce
736 4092 807 4130 man.
827 4081 889 4143 sea)
899 4079 931 4142 F,
948 4077 1016 4132 lauti
1034 4079 1135 4147 cents
1226 4083 1254 4134 ts

78 4174 196 4223 curuata
213 4168 256 4236 llo
342 4171 372 4221 21
393 4167 472 4221 tereti
492 4165 716 4239 Oudendorpr‘ns:
740 4167 807 4222 terd
823 4169 867 4238 Fp
943 4178 1069 4240 aggerata
1087 4171 1129 4240 Fp
1202 4171 1254 4226 luf-

76 4261 128 4314 frla
146 4260 200 4329 Vp,
219 4260 316 4316 suffusa
333 4259 480 4314 autlullita
496 4259 580 4330 uulqo
665 4265 696 4314 22
717 4262 849 4330 lulphurrl
865 4283 900 4332 pr:
922 4264 1035 4332 sulpuris
1050 4265 1078 4318 F
1151 4270 1184 4320 24
1204 4266 1254 4320 lul·

77 4355 157 4423 purrl
175 4354 198 4403 F
251 4349 254 4356 '
917 4354 922 4366 '
