2934 4900
248 215 307 276 122
751 233 844 280 amru
865 233 914 279 vn

245 387 321 446 tunc
343 381 467 466 depiles
496 403 600 468 genae
627 385 714 449 laeui
745 384 885 469 pueritia
914 384 1162 470 splendicarent.
1198 405 1260 451 nec
1288 385 1333 450 ab
1362 386 1414 449 illa

245 497 357 558 tamen
372 499 507 577 paterna
528 493 631 578 gloria
652 495 704 558 uel
726 513 799 559 mea
821 495 938 560 uirtute
959 495 1093 562 desciui.
1105 517 1299 580 quamquam
1324 496 1414 562 semi-

244 601 392 686 trepidus
414 604 505 670 inxta
528 623 696 670 mucrones
711 605 845 670 Martios
869 607 1061 672 constitutus
1083 606 1142 673 scd
1162 607 1294 673 habitus
1317 607 1413 672 alieni

246 712 378 778 fallacia
398 721 512 798 tectus,
535 715 630 782 uillas
653 733 710 782 seu
732 716 868 782 castella
889 717 977 783 solus
999 715 1204 800 adgrediens,
1227 717 1412 782 uiaticulum

246 821 325 886 mihi
348 818 494 891 conrasi'
526 831 558 890 et
586 824 764 892 diloricatis
795 825 901 891 statim
934 827 1086 911 pannulis
1113 827 1147 892 in
1177 827 1320 894 medinm
1354 827 1437 892 duci

248 933 338 998 milia
358 933 501 1018 profudit
514 954 683 1002 aureorum
699 943 731 1002 et
750 927 826 1001 ‘cn’
850 936 955 1020 inquit
974 931 1088 1003 ‘istam
1108 939 1295 1022 sportulam,
1318 938 1412 1001 immo

246 1063 323 1110 uero
346 1043 452 1111 dotem
475 1045 610 1129 collegio
633 1052 739 1112 uestro
761 1047 866 1112 libens
895 1066 1010 1128 meque
1037 1048 1131 1114 nobis
1160 1048 1275 1114 ducem
1297 1047 1412 1113 fidissi·

245 1175 342 1236 mum,
366 1156 394 1222 si
417 1162 525 1222 tamen
546 1177 611 1222 non
621 1156 786 1238 recusatis,
810 1157 909 1223 odero
931 1158 1022 1223 breui
1037 1158 1190 1243 temporis
1206 1159 1314 1243 spatio
1337 1158 1412 1241 lapi·

245 1265 339 1330 deam
361 1266 457 1332 istam
480 1266 608 1362 domum
630 1274 773 1334 nestram
794 1267 936 1334 facturus
958 1261 1118 1335 auream’

133 1369 225 1434 VIIII
332 1376 401 1442 Nec
433 1396 523 1441 mora
550 1395 609 1442 nec
636 1378 796 1442 cunctatio
833 1377 891 1445 sed
927 1378 1059 1446 calculis
1086 1379 1236 1445 omnibus
1263 1377 1410 1443 ducatum
1427 1392 1447 1437 n

247 1487 389 1580 latrones
411 1487 580 1554 unanimes
603 1486 633 1554 ci
661 1487 809 1553 deferunt
837 1495 1025 1572 uestemque
1057 1489 1283 1556 lautiusculam
1311 1488 1412 1574 prol-

193 1655 201 1662 .
248 1604 323 1662 runt
346 1603 486 1664 sumeret
507 1598 631 1663 abiecto
654 1599 844 1663 centunculo
859 1598 971 1664 diuite.
1004 1599 1052 1665 sie
1065 1600 1256 1666 reformatus
1271 1599 1411 1682 singulos

151 1717 154 1720 '
248 1708 452 1775 exosculatus
476 1707 556 1774 etin
573 1726 696 1775 summo
711 1708 874 1792 puluinari
895 1711 1019 1777 locatus
1034 1729 1117 1776 cena
1140 1711 1338 1794 poculisque
1353 1729 1412 1772 ma-

247 1820 320 1902 gnis
352 1819 572 1900 inauguratur.
609 1826 685 1883 tunc
718 1818 921 1890 sermonibus
957 1820 1076 1886 mutuis
1105 1819 1145 1886 de
1174 1819 1310 1903 uirginis
1340 1819 1411 1901 iuga

248 1929 351 2014 deque
366 1948 440 1995 mea
456 1935 587 1994 uectura
600 1936 633 1994 et
648 1929 775 2012 utrique
789 1928 953 1995 destinata
966 1937 1171 1996 monstruosa
1182 1937 1285 1995 morte
1302 1948 1412 2013 cogno
1427 1945 1446 1991 n

249 2041 309 2106 scit
323 2047 355 2105 et
369 2040 423 2104 ubi
438 2040 579 2104 locorum
596 2046 682 2105 essct
696 2038 755 2104 illa
767 2046 973 2123 percontatus
988 2040 1217 2124 deductusque,
1233 2040 1306 2107 uisa
1316 2059 1366 2120 ea
1382 2046 1411 2102 nt

248 2159 317 2216 erat
334 2150 473 2215 uinculis
484 2156 610 2230 onusta,
624 2156 770 2215 contorta
784 2157 817 2214 et
831 2149 1026 2235 uituperanti
1036 2170 1115 2216 nare
1126 2150 1277 2217 discessit
1296 2157 1328 2214 et
1340 2145 1412 2215 ‘non

249 2281 319 2328 sum
342 2259 471 2344 quidem
485 2265 552 2324 tam
573 2260 685 2325 brutus
705 2260 758 2324 uel
774 2268 858 2325 certe
873 2255 1080 2327 temerarins'
1104 2261 1209 2344 inquit
1228 2254 1282 2326 ‘nt
1303 2259 1411 2326 scitum

250 2375 393 2437 nestrum
429 2368 593 2434 inhibeam
622 2369 678 2436 sed
715 2371 821 2436 malae
849 2371 1067 2436 conscientiae
1099 2378 1223 2436 reatum
1253 2371 1340 2436 intra
1369 2387 1411 2432 me

249 2481 415 2549 sustinebo
438 2482 466 2548 si
489 2481 574 2562 quod
588 2482 707 2546 bonum
730 2481 810 2545 mihi
823 2481 952 2547 uidetur
966 2482 1222 2549 dissimulanero.
1246 2482 1305 2548 scd
1326 2482 1411 2566 prius
1424 2488 1455 2562 ll

248 2592 398 2657 fiduciam
431 2592 530 2657 uestri
565 2611 665 2658 causa
696 2592 832 2658 sollicito
868 2592 947 2657 mihi
977 2592 1109 2658 tribuite
1135 2612 1207 2657 cnm
1228 2593 1410 2677 praesertim

249 2702 353 2784 uobis,
391 2704 419 2769 si
455 2703 616 2769 sententia
643 2702 723 2767 hacc
754 2708 837 2769 mea·
856 2702 1066 2786 displicuerit,
1095 2704 1192 2768 liceat
1220 2722 1346 2768 rursum
1375 2700 1411 2765 ad

250 2813 380 2879 asinum
401 2813 518 2879 redire.
551 2833 627 2878 nam
650 2832 709 2898 ego
732 2792 871 2879 arbitror
896 2814 1040 2880 latrones
1063 2814 1181 2897 quique
1202 2832 1312 2877 eornm
1333 2819 1411 2877 recte

252 2924 381 3009 sapiunt
402 2924 484 2989 nihil
507 2925 666 2990 anteferre
687 2924 775 2989 lucro
799 2944 857 2990 sno
880 2921 998 2990 debere
1020 2941 1065 2987 ac·
1086 2943 1127 2988 nc
1161 2924 1267 3008 ipsam
1289 2922 1410 3007 quidem

250 3054 349 3119 saepe
372 3034 445 3100 aliis
467 3033 656 3101 damnosam
680 3035 844 3100 ultionem.
882 3054 959 3119 ergo
980 3034 1078 3117 igitur
1099 3035 1128 3099 si
1155 3033 1361 3118 perdideritis
1382 3031 1411 3094 in
1424 3036 1454 3118 li

250 3145 342 3211 asino
365 3144 532 3227 uirginem,
554 3145 636 3210 nihil
658 3146 798 3230 amplius
819 3163 916 3230 quam
943 3145 1018 3211 sine
1039 3144 1105 3208 nllo
1127 3143 1316 3229 compendio
1337 3142 1411 3207 indi·
1453 3129 1454 3132 ¹

251 3255 435 3338 grationem
458 3266 600 3320 uestram
623 3256 838 3348 exercueritis.
877 3256 954 3340 quin
978 3274 1038 3339 ego
1060 3273 1176 3321 censeo
1198 3251 1410 3319 deducendam

251 3384 323 3429 cam
345 3365 388 3430 ad
410 3366 595 3449 quampiam
624 3366 787 3431 ciuitatem
814 3367 924 3451 ibique
951 3364 1209 3431 ueuuudandam.
1246 3383 1305 3429 nec
1332 3363 1410 3428 onim

251 3475 316 3540 leni
338 3476 440 3559 pretio
456 3475 593 3541 distrahi
615 3477 731 3560 poterit
752 3477 828 3543 talis
843 3477 995 3542 aetatula.
1017 3496 1093 3541 nam
1115 3483 1147 3541 et
1169 3477 1241 3560 ipse
1263 3474 1410 3559 quosdam
1423 3488 1453 3555 pt

251 3585 385 3652 lenones
407 3584 531 3671 pridem
554 3586 700 3669 cognitos
721 3584 827 3652 habeo
859 3608 994 3671 quorum
1030 3587 1149 3672 poterit
1180 3583 1263 3653 unus
1290 3584 1409 3669 magnis
1423 3592 1453 3652 no

252 3695 400 3778 equidem
432 3694 579 3777 talentis,
601 3704 636 3762 ut
658 3697 811 3780 arbitror,
841 3699 981 3780 puellam
1003 3700 1100 3765 istam
1121 3698 1323 3781 praestinare
1343 3713 1409 3759 con-

250 3805 349 3889 digne
371 3806 533 3872 natalibus
556 3807 624 3873 suis
645 3807 798 3872 fornicem
820 3828 1043 3893 processuram
1066 3827 1125 3874 uec
1152 3808 1186 3872 in
1216 3807 1350 3874 similem
1370 3805 1409 3869 f-

250 3936 325 3999 gam
348 3916 581 3983 discursuram:
604 3938 669 3983 non
690 3918 773 3983 nihil
788 3918 886 3985 etiam
907 3939 978 3983 oum
993 3917 1145 4002 lupanari
1167 3918 1327 3999 seruierit,
1348 3916 1409 3978 uin·

319 4084 543 4153 2qnanquamF
606 4084 758 4154 luillan
828 4089 857 4137 ll
878 4082 1218 4154 unramclRunanrmelp
1290 4090 1318 4136 lz
1336 4081 1408 4134 drurtc
1451 4099 1452 4104 ¹

252 4178 305 4246 hp,
323 4177 432 4230 diuitem
450 4178 564 4232 coniecit
581 4176 736 4233 Scriaerius
828 4182 859 4231 13
878 4192 943 4247 cene
960 4178 1089 4246 puculrlq3
1107 4180 1204 4249 (prior
1220 4195 1240 4231 u
1257 4182 1324 4233 corr.
1341 4175 1367 4227 in
1385 4174 1406 4234 ol

167 4338 169 4345 .
254 4270 285 4334 F,
304 4286 368 4324 cene
385 4266 519 4340 poculhlq'
539 4290 559 4340 φ
636 4276 669 4325 26
686 4271 769 4326 mehrl
786 4270 815 4324 F
887 4276 919 4325 33
938 4269 1115 4347 drlcurluram
1132 4267 1408 4340 ecdicesioterpolati:

252 4358 372 4416 drlcnrrb
389 4362 432 4431 Fa
516 4364 596 4418 nrchrl
615 4364 658 4434 Fp
