2934 4900
498 209 571 258 cnr.
593 209 831 257 xxvui-xxxr
1205 199 1244 260 75

66 379 185 426 meum
208 362 298 428 eaelo
326 359 488 428 eonditum
517 361 654 429 terrenis
685 362 835 431 sordibus
863 362 1066 448 profanatur!
1094 363 1245 428 nimirum

66 472 237 536 communi
259 471 400 540 numinis
415 473 580 556 piamento
603 473 746 540 uicariae
768 474 985 540 uenerationis
1000 475 1155 540 incertum
1177 495 1245 541 sus-

29 580 185 664 ‚tinebe
214 589 247 648 et
274 582 450 668 imaginem
473 602 578 649 meam
611 584 812 678 circumferet
839 586 948 669 puella
976 585 1139 651 meritura.
1182 585 1245 649 iru-

63 697 138 756 stra
161 713 215 758 me
236 699 347 778 paster
369 694 435 778 ille,
458 696 549 761 cuius
571 694 726 761 iustitiam
749 693 909 779 iidemque
936 715 1074 778 magnus
1103 714 1245 779 compro

30 803 163 866 abauit
191 805 350 890 Iuppiter,
384 804 425 870 eb
454 803 606 870 eximiam
636 806 777 890 speciem
805 805 903 872 tantis
931 805 1083 890 praetulit
1110 804 1243 871 deabus.

63 911 126 978 sed
159 934 226 979 nen
253 915 335 980 adeo
363 914 510 998 gaudens
538 916 616 998 ista,
647 935 867 1001 quaecumque
895 922 960 992 est,
988 935 1078 982 meos
1106 915 1265 981 honores·

63 1025 294 1109 usurpauerit:
316 1025 381 1090 iam
404 1026 478 1091 laxe
501 1025 598 1092 huius
621 1045 693 1092 eam
714 1026 820 1110 ipsius
843 1026 986 1092 inlicitae
1015 1025 1245 1091 immensitatis

61 1133 257 1219 paeniteat?

155 1246 200 1311 Et
221 1252 315 1311 ueeat
336 1247 502 1314 confestim
525 1266 660 1331 puerum
683 1250 776 1314 silum
799 1247 967 1332 pinnatum
995 1247 1085 1311 illum
1114 1252 1145 1312 et
1166 1245 1245 1311 satis

18 1357 287 1436 intemeratum,
312 1357 367 1441 qui
389 1358 484 1422 malis
506 1358 574 1424 suis
602 1358 746 1423 moribus
773 1364 957 1441 contempta
985 1356 1159 1439 disciplina
1187 1377 1244 1440 pu-

63 1468 155 1531 blica
171 1466 310 1533 flammis
333 1475 364 1534 et
386 1468 513 1551 sagittis
537 1475 680 1534 armatus
703 1487 762 1553 per
783 1468 909 1534 alienas
931 1467 1043 1534 demes
1065 1473 1158 1533 noete
1180 1465 1244 1532 dis·

63 1570 204 1643 currens
232 1585 264 1643 et
290 1577 432 1642 emnium
460 1578 665 1644 matrimonia
693 1598 900 1662 corrumpens
932 1579 1062 1662 impune
1091 1577 1245 1642 commit't

62 1693 160 1752 tanta
183 1686 307 1772 flagitia
329 1693 362 1753 et
382 1687 464 1753 nihil
485 1708 616 1772 prorsus
631 1673 714 1753 ¹beni
736 1688 822 1752 facit.
866 1688 951 1753 hunc
974 1709 1167 1779 quamquam
1189 1706 1244 1774 ge-

65 1799 174 1863 nuina
196 1798 326 1864 licentia
348 1817 516 1882 procacem
538 1798 647 1864 uerbis
670 1801 796 1882 queque
812 1798 943 1883 insuper
964 1799 1107 1864 stimulat
1120 1805 1152 1862 et
1172 1817 1243 1881 per·

20 1916 46 1964 ¹5
64 1908 158 1974 ducit
181 1907 225 1974 ad
245 1909 336 1973 illam
358 1909 519 1974 ciuitatem
542 1915 573 1974 et
595 1908 743 1993 Psychen
758 1908 873 1974 —hee
887 1910 972 1975 enim
989 1909 1118 1974 nomine
1133 1909 1244 1993 puella

64 2019 374 2103 nuncupabatur-
389 2039 496 2084 ceram
519 2019 658 2085 ostendit
673 2026 704 2084 et
719 2024 786 2084 teta
801 2019 857 2084 illa
867 2020 993 2104 perlata
1012 2017 1053 2084 de
1076 2017 1242 2084 formensi—
1263 2010 1378 2077 XXXI

64 2131 145 2196 tatis
170 2129 385 2195 aemulatione
407 2129 517 2194 fabula
538 2149 671 2213 gemens
694 2149 733 2195 ac
764 2130 903 2195 fremens
932 2128 1153 2212 indignatione
1172 2124 1244 2210 ‘per

65 2261 127 2324 ege
153 2232 195 2305 te'
221 2240 324 2324 inquit
343 2235 522 2305 ‘maternae
550 2240 694 2306 caritatis
724 2239 854 2305 foedera
883 2238 1059 2322 deprecer,
1090 2258 1148 2323 per
1170 2244 1243 2304 tuae

67 2351 212 2436 sagittae
235 2350 340 2416 dulcia
363 2351 511 2433 uulnera,
541 2328 599 2436 pei·
620 2350 770 2415 flammae
798 2351 892 2416 istius
916 2350 1055 2415 mellitas
1089 2349 1249 2422 uredines,

19 2473 48 2521 ‘20
65 2462 249 2528 uindictam
271 2470 346 2528 tuae
368 2463 496 2545 parenti
519 2461 577 2528 sed
598 2462 728 2546 plenam
743 2462 848 2527 tribue
871 2468 904 2527 et
925 2462 959 2526 in
974 2461 1246 2544 pulchritudinem

66 2580 291 2638 contumacem
320 2578 505 2639 reuerentes
532 2571 663 2638 uindice
690 2573 787 2657 idque
822 2593 920 2638 unum
950 2578 982 2637 et
1009 2592 1067 2656 pre
1098 2572 1246 2638 omnibus

66 2686 202 2749 unicum
224 2685 337 2749 uolens
361 2682 462 2749 effici:
492 2684 583 2768 uirgo
607 2684 669 2750 ista
692 2702 800 2748 amere
822 2682 1075 2765 flagrantissime
1098 2689 1246 2748 tencatur

67 2794 213 2860 heminis
236 2795 369 2860 extremi
392 2813 486 2877 quem
508 2799 539 2858 et
561 2793 729 2875 dignitatis
752 2801 784 2858 et
812 2792 997 2878 patrimonii
1026 2791 1122 2859 simul
1144 2799 1176 2857 et
1197 2793 1245 2856 in·

67 2904 266 2970 columitatis
297 2905 400 2989 ipsius
419 2902 421 2906 ’
438 2903 566 2969 fortuna
594 2893 776 2983 damnauit,
812 2910 942 2984 tamque
969 2902 1088 2968 infirmi
1117 2907 1152 2966 ut
1186 2920 1244 2984 per

20 3022 173 3081 ratetum
193 3015 303 3081 orbem
325 3035 390 3079 nen
411 3015 557 3079 inueniat
579 3013 730 3079 miseriae
754 3032 833 3080 suae
854 3004 1056 3097 comparem‘
1163 3032 1182 3055 ³

154 3125 211 3192 Sic
233 3125 331 3191 effata
353 3132 384 3191 et
405 3124 524 3191 esculis
545 3114 720 3190 'hiantibus
749 3123 850 3188 filium
878 3123 934 3187 diu
965 3120 1004 3187 ae'
1024 3123 1172 3205 pressule
1195 3141 1245 3188 sa-

69 3237 163 3301 uiata
185 3238 349 3319 proximas
372 3256 446 3301 eras
461 3234 553 3303 reflui
574 3235 678 3300 literis
694 3234 775 3319 petit
789 3234 974 3319 plantisque
989 3232 1092 3300 reseis
1114 3232 1243 3297 'uibran-

67 3348 150 3412 tium
179 3346 330 3412 fluctuum
360 3366 483 3412 summe
514 3365 585 3411 rore
614 3346 737 3409 calcate
766 3363 839 3410 eece
868 3344 934 3408 iam
966 3342 1117 3429 profundi
1146 3342 1244 3409 maris

138 3555 154 3604 2
180 3510 277 3603 ruffio
302 3548 334 3614 F,
354 3547 484 3602 rurnnebo
508 3566 527 3614 φ
615 3550 630 3599 3
650 3545 821 3601 circumferre
839 3578 848 3597 .
866 3546 940 3614 <sud
963 3546 982 3597 t·
1001 3546 1039 3608 F,
1062 3544 1242 3612 circuierree

69 3644 160 3714 puella
179 3650 205 3701 l·
224 3642 286 3697 add.
305 3658 402 3695 meaos
419 3640 549 3706 secureda)
566 3640 598 3704 F,
617 3639 706 3711 puella
724 3660 743 3708 p
813 3644 944 3694 moritura
962 3642 989 3700 l*
1007 3638 1077 3691 odd..
1088 3653 1185 3692 moesus
1202 3654 1243 3691 re-

69 3764 172 3824 mam>
191 3762 223 3825 r,
241 3760 380 3827 nonasp
450 3759 528 3813 rme
545 3790 555 3811 .
573 3757 640 3828 (fua
659 3760 677 3819 e
696 3760 728 3824 a,
746 3760 829 3828 nep
905 3719 1064 3820 euoiirr,
1082 3756 1242 3824 honorare

70 3862 83 3907 l
103 3851 274 3925 usurpauerit
286 3852 509 3923 Oordenderpius:
528 3854 668 3921 usurpauit
685 3854 728 3920 Fp
799 3850 999 3906 eamlodalos:
1018 3856 1097 3903 etiam
1114 3850 1158 3918 Fe
1213 3853 1243 3901 13

69 3950 154 4005 nichil
171 3948 199 4003 F
265 3951 295 4001 18
313 3946 405 4017 federa
422 3946 450 3999 F
515 3950 546 3998 22
565 3946 641 4000 effice
658 3947 742 4017 culpe
812 3944 1013 4013 fraglantrllrme
1032 3944 1060 3997 F
1077 4024 1090 4051 a
1124 3947 1191 3996 24a
1215 3945 1243 3997 in

69 4068 181 4121 fortium
198 4068 227 4121 ia
244 4082 298 4121 ras.
317 4082 334 4119 α
350 4066 500 4120 recentiore
517 4082 598 4118 mauu
616 4066 720 4136 serapte
734 4064 801 4133 (suit
818 4072 859 4122 ael
878 4066 906 4117 ia
924 4063 956 4126 F,
973 4063 1091 4134 fertulne¹
1107 4084 1127 4133 φ
1202 4064 1243 4117 in-

71 4160 127 4213 fimi
144 4161 229 4232 culpe
315 4163 347 4213 26
372 4158 458 4213 oeulis
480 4156 523 4226 Fp
600 4160 701 4212 laurata
725 4157 783 4226 Fp,
808 4157 949 4227 subiatas
1028 4154 1071 4210 28'
1085 4157 1189 4211 calcato
1209 4157 1244 4225 l·
1453 4109 1455 4260 A

70 4268 134 4307 ecee
151 4258 177 4317 (e
194 4259 245 4307 cte
263 4254 291 4306 ie
308 4268 361 4306 res.
378 4271 396 4305 a
413 4252 628 4306 crearere'reeoado
645 4252 756 4322 rapta,
769 4269 826 4323 pro
844 4268 859 4306 o
874 4253 1005 4322 preteritas
1020 4251 1078 4320 suit
1094 4259 1120 4316 o)
1136 4250 1169 4316 F,
1187 4251 1242 4305 cal-

72 4352 135 4399 catu
153 4360 253 4413 accep
322 4345 485 4414 protundum
502 4346 616 4400 eeaiecr't
632 4343 784 4399 Feolrlems
801 4343 890 4399 Masei
904 4344 1032 4399 Blecneai
1049 4344 1114 4396 1864
1125 4360 1157 4413 p.
1176 4345 1228 4396 152
