2934 4900
176 397 300 464 terdum
322 395 496 481 primariae
512 395 689 479 scripturae
711 394 858 476 obtrusit
881 414 953 460 ase
974 395 1147 478 impetrare
1163 415 1227 458 non
1243 397 1347 479 potuit

177 507 212 565 ut
233 499 292 565 hos
307 500 394 564 locos
411 516 522 574 omnes
544 497 682 561 intactos
698 498 908 580 relinquerem
933 516 1031 581 saepe
1047 531 1087 542 -
1103 506 1135 560 ιι
1149 496 1344 579 aliquotiens

176 602 320 685 integras
342 600 506 666 columnas
529 633 571 644 -—
592 598 639 663 ita
660 597 787 663 refinxit
808 605 842 662 ιιι
864 618 921 664 suo
949 598 1090 681 nigriore
1113 604 1292 664 atramento
1314 607 1346 664 et

178 702 324 767 ductibus
346 707 380 765 ιιι
409 700 477 765 dini
505 701 604 764 multo
633 700 846 766 crassioribus
868 699 1055 784 primariam
1085 698 1276 784 scripturam
1298 721 1347 766 re·

177 807 307 868 uocaret
340 801 469 884 quidem
499 799 556 866 sed
590 808 754 867 reuocaret
789 821 1022 886 saepenumero
1058 800 1261 868 emendatam
1291 804 1345 869 uel

177 906 284 990 potius
315 905 552 990 interpolatam.
601 902 653 969 bis
682 904 762 969 locis
791 910 826 968 ut
858 910 944 968 recte
979 904 1238 987 interpretareris
1267 904 1344 987 quid

176 1007 323 1091 primitus
345 1007 498 1089 scriptum
513 1005 609 1070 fuerit
624 1026 750 1071 summa
763 1025 834 1069 cum
850 1005 987 1070 utilitate
1002 1004 1111 1069 codice
1126 1006 1344 1071 Laurentiano

176 1109 279 1193 plutei
302 1111 351 1189 29,
380 1112 398 1171 2
427 1107 542 1182 uteris,
571 1107 691 1192 quippe
719 1107 774 1190 qui
804 1126 997 1190 quamquam
1027 1107 1219 1191 saepissime
1247 1109 1347 1174 inter-

177 1211 305 1294 polatus
327 1216 436 1275 tamen
459 1216 490 1276 ιι
511 1209 552 1274 ab
566 1210 629 1273 alio
645 1208 775 1274 homine
798 1229 893 1292 quam
909 1208 1081 1292 primarius
1104 1210 1159 1274 ille
1174 1209 1346 1296 interpola·

176 1319 227 1378 tus
251 1313 293 1378 sit
321 1314 383 1377 et
374 1311 550 1377 innumeris
572 1311 651 1377 locis
674 1311 751 1395 quid
779 1317 854 1375 ante
882 1330 978 1391 quam
1006 1309 1164 1376 barbarus
1192 1311 1247 1377 ille
1276 1332 1345 1376 sae-

176 1410 315 1476 uiebat
272 1417 340 1476 ιιιι
364 1413 538 1497 archetypo
567 1413 708 1478 extiterit
737 1412 806 1480 siue
835 1413 905 1496 ipse
932 1411 1053 1526 indicet
1081 1412 1151 1478 siue
1178 1421 1212 1478 ut
1233 1415 1268 1478 in
1289 1414 1346 1478 illo

175 1513 284 1595 legere
306 1514 447 1597 possist
434 1513 628 1580 teadiuuet.

260 1615 350 1680 Alter
377 1616 430 1680 ille
459 1615 607 1681 Laurent'
586 1623 693 1681 tranus
727 1615 829 1699 plutei
851 1617 906 1697 29,
936 1618 955 1678 2
984 1616 1126 1682 continet
1153 1617 1344 1701 Apologiam

175 1715 449 1801 Metamorphoses
478 1717 619 1782 Florida.
664 1723 790 1783 constat
777 1717 901 1783 tloliis
936 1718 1191 1783 membranaceis
1219 1727 1345 1803 septua-

175 1817 266 1900 ginta
287 1839 413 1884 nouem.
458 1821 585 1886 saeculo
618 1819 806 1885 duodecimo
837 1819 975 1903 scriptus
998 1827 1055 1885 est.
1100 1822 1266 1886 columnae
1287 1841 1344 1904 pa-

175 1921 322 2002 ginarum
345 1927 419 1988 sunt
406 1921 548 1987 tbinae
575 1922 805 1988 uersiculorum
835 1920 1114 2005 quadragenorum
1136 1923 1343 2006 singulorum.

107 2039 110 2045 ·
174 2021 270 2088 buius
292 2022 347 2085 ubi
369 2025 465 2107 plene
487 2022 612 2107 quidm
634 2024 680 2088 ιιι
667 2031 735 2088 ιιιι
759 2023 911 2107 scriptum
928 2023 970 2088 sit
957 2023 1130 2106 tdignosci
1145 2025 1219 2088 licet
1206 2033 1343 2108 tquam·

175 2143 269 2206 quam
291 2126 380 2189 nulla
402 2146 531 2208 prorsus
554 2127 728 2190 auctoritas
756 2132 819 2204 ιιι,
848 2131 956 2191 tamen
984 2126 1115 2208 saepius
1143 2125 1258 2208 quid
1250 2148 1283 2190 m
1304 2145 1344 2191 eo

174 2231 249 2289 exta
250 2219 453 2311 tadscripsi
475 2228 648 2310 nequisut
614 2229 685 2293 utili
706 2227 815 2310 aliquo
833 2227 1043 2293 instrumento
1066 2247 1117 2292 me
1139 2227 1184 2291 uti
1201 2228 1345 2294 noluisse

174 2328 364 2412 suspicetur.

259 2430 461 2515 Eprimario
484 2430 593 2497 codice
616 2432 745 2515 plenam
773 2438 964 2515 praeterae
986 2438 1017 2495 et
1039 2451 1057 2495 e
1004 2430 1239 2496 ttelemena
1205 2436 1343 2496 t-com

174 2538 298 2597 mutata
325 2532 484 2616 adscripsi
507 2534 653 2598 lectionis
675 2535 864 2599 uarietatem
892 2553 1022 2600 rasuras
1044 2539 1075 2597 e
1063 2532 1258 2599 temendat'
1236 2541 1343 2598 tiones

174 2644 274 2716 quant
275 2656 328 2698 ιιιιι
351 2641 382 2699 ιι
403 2636 448 2701 ιιι
436 2636 535 2701 terius
557 2635 675 2701 codicis
691 2636 923 2702 adrumento
892 2642 923 2699 ι
945 2637 977 2699 in
980 2642 1068 2699 etnta
1090 2636 1252 2700 oculorum
1274 2635 1343 2700 acie

173 2736 244 2803 fieri
274 2736 375 2820 potuit
410 2744 441 2801 ιι
469 2744 657 2820 persecutus
685 2744 716 2804 ιι
751 2739 994 2822 interpretatum
1024 2758 1089 2803 non
1117 2738 1228 2802 notaui
1255 2736 1343 2801 locos

174 2838 290 2922 quibus
322 2845 461 2903 ueterem
498 2839 687 2923 scripturam
721 2841 829 2924 paullo
864 2838 1038 2906 euanidam
1070 2837 1196 2903 refinxit
1228 2858 1343 2908 manus

173 2938 315 3005 secunda
337 2939 481 3016 eandem,
507 2947 562 3005 aut
584 2941 764 3025 quibus—
785 2939 819 3004 id
846 2940 933 3023 quod
953 2942 1017 3005 fact
1005 2947 1071 3005 tum
1093 2947 1143 3007 est
1164 2939 1343 3006 sexcenties

173 3076 215 3086 -
237 3062 333 3108 erasa
355 3048 405 3109 est
427 3062 491 3106 non
513 3042 621 3107 littera
648 3042 706 3107 sed
726 3043 931 3127 hypostigme
953 3050 1008 3108 aut
1029 3049 1127 3125 punct
1128 3063 1191 3107 um
1228 3040 1339 3105 itidem

172 3164 238 3208 non
260 3145 370 3208 notaui
393 3145 604 3211 minusculam
627 3146 767 3210 litteram
788 3145 945 3210 initialem
974 3145 1077 3211 sicubi
1099 3148 1208 3208 recent
1209 3144 1257 3207 ιιι
1279 3162 1343 3207 ma-

173 3265 233 3310 nus
254 3245 288 3309 in
310 3246 518 3310 maiusculam
542 3247 685 3311 mutauit
663 3247 778 3312 tubi
799 3268 864 3312 non
879 3254 934 3312 not
935 3247 988 3311 aui
1011 3244 1153 3312 secunda
1174 3265 1217 3308 ιιι
1238 3245 1343 3328 prima

173 3366 287 3411 manus
309 3346 494 3429 primariam
518 3350 617 3432 script
618 3370 708 3413 uram
732 3348 963 3429 ιιιιιιιιιιιιιιιι,
941 3354 1037 3413 tme
1059 3347 1120 3411 hoc
1142 3346 1342 3430 distinguere

172 3468 237 3512 non
259 3449 403 3532 potuisse
426 3448 590 3513 sciendum
613 3457 675 3516 est:
699 3451 808 3517 multis
829 3451 908 3515 locis
930 3398 985 3515 ιιιιι
1007 3448 1169 3514 secundae
1193 3446 1341 3513 emenda·

172 3550 293 3614 tionem
317 3550 426 3613 notaui
448 3550 572 3633 primae
593 3552 697 3617 uideri
719 3571 826 3636 posse,
854 3551 1093 3619 auttsecundae
1122 3550 1177 3614 ubi
1205 3550 1340 3632 primam

173 3652 229 3715 uix
244 3657 293 3716 ιιι
309 3650 393 3734 quod
408 3672 625 3719 moneam-
640 3674 739 3718 unum
755 3654 882 3735 addam,
898 3654 1066 3718 lectionem
1083 3652 1202 3718 codicis
1221 3650 1340 3715 dudum

173 3751 377 3820 emendatam
399 3753 455 3818 ubi
475 3753 605 3840 Apuleii
627 3756 766 3821 uerbis
757 3757 888 3838 inserui,
913 3755 1102 3841 saepissime
1123 3773 1220 3837 aquo
1235 3771 1342 3817 emen

172 3854 237 3919 dat
216 3862 260 3919 tro
283 3875 340 3938 pro
344 3855 425 3919 lecta
447 3856 488 3923 sit
510 3877 561 3922 me
589 3878 654 3922 non
681 3857 859 3924 indicasse·
890 3857 951 3921 boc
972 3856 1057 3921 enim
1080 3854 1148 3920 fieri
1169 3875 1230 3921 nec
1251 3874 1343 3921 acon-

174 3964 243 4022 rate
273 3957 376 4039 potuit
408 3957 471 4023 nisi
503 3960 626 4025 collatis
661 3960 819 4043 corruptis
853 3957 1081 4024 codicibust
1050 3963 1081 4022 et
1114 3957 1233 4023 factum
1261 3958 1342 4022 mibi

173 4057 302 4142 quidem
324 4059 380 4123 uix
401 4061 499 4125 ullam
523 4060 692 4126 utilitatem
714 4060 897 4126 habiturum
920 4078 991 4125 esse
1013 4059 1117 4125 uisum
1141 4066 1198 4125 est.
