2934 4900
217 253 255 314 78
579 267 581 273 ’
726 269 819 315 urum
839 271 897 342 1111x

125 461 127 468 ·
216 419 383 486 scinditis?
406 418 484 504 quid
507 426 637 504 pectora
660 420 738 506 quid
759 421 861 488 ubera
883 427 996 486 sancta
1010 421 1169 488 tunditis?
1190 420 1271 488 haec
1293 429 1392 488 erunt

215 531 306 597 uobis
330 530 480 614 egregiae
502 531 733 598 immensitatis
756 552 847 598 meae
862 533 1031 616 praeclara
1052 533 1205 616 praemia.
1242 531 1390 598 inuidiae

214 642 358 707 nefariae
380 640 470 706 letali
491 643 589 726 plaga
611 643 758 727 percussi
781 661 852 708 sero
876 643 1011 709 sentitis.
1049 662 1120 708 cum
1141 649 1255 726 gentes
1277 650 1311 708 et
1335 663 1391 727 po-

214 752 282 838 puli
304 753 502 818 celebrarent
523 773 582 818 nos
598 751 717 819 diuinis
731 753 918 834 honoribus,
942 773 1013 818 cum
1029 773 1147 818 nouam
1161 772 1214 818 me
1227 753 1392 819 Venerem

216 882 270 929 ore
293 882 433 928 consono
455 871 685 947 nuncuparent,
708 871 783 929 tuno
806 864 915 930 dolere
937 870 1012 929 tuuc
1038 863 1118 930 llere
1145 871 1220 929 tunc
1248 883 1300 928 me
1323 864 1418 928 iam5
1452 924 1453 931 ,

215 974 309 1058 quasi
331 981 530 1057 peremptam
552 975 664 1058 lugere
686 974 854 1041 debuistis.
898 974 964 1039 iam
987 974 1089 1041 sentio
1104 974 1176 1040 ¹iam
1198 957 1295 1039 uideo
1320 975 1390 1041 solo

213 1104 265 1152 me
294 1084 423 1149 nomine
453 1083 589 1151 Veneris
620 1085 754 1169 perisse.
806 1084 912 1150 ducite
941 1104 992 1149 me
1023 1092 1054 1150 et
1082 1085 1133 1150 cui
1161 1104 1232 1150 sors
1259 1083 1391 1148 addixit

214 1194 343 1279 scopulo
367 1194 481 1261 sistite.
527 1195 644 1261 festino
666 1196 776 1261 felices
797 1195 878 1261 istas
907 1194 1036 1280 nuptias
1058 1196 1162 1276 obire,
1194 1195 1313 1260 festino
1337 1213 1391 1277 ge·

212 1323 362 1370 ncrosum
383 1305 472 1370 illum
494 1307 642 1371 maritum
671 1325 777 1372 meum
805 1305 926 1373 uidere.
972 1302 1049 1389 quid
1077 1304 1198 1385 differo,
1228 1303 1307 1387 quid
1332 1304 1388 1369 de-

212 1421 310 1480 trecto
333 1416 516 1482 uenientem
539 1417 594 1500 qui
617 1417 715 1483 totius
738 1417 828 1482 orbis
851 1416 948 1481 exitio
970 1423 1066 1482 natus
1089 1408 1172 1482 est‘t'

66 1503 192 1571 XXXV
299 1525 351 1590 Sic
373 1527 499 1610 prolata
520 1527 611 1610 uirgo
633 1527 785 1592 conticuit
807 1527 1020 1611 ingressuque
1035 1526 1099 1590 iam
1115 1525 1223 1591 ualido
1245 1545 1390 1610 pompae

213 1636 323 1721 populi
346 1638 570 1720 prosequentis
594 1656 667 1704 sese
680 1637 819 1704 miscuit.
856 1638 918 1702 itur
939 1636 982 1702 ad
999 1636 1204 1702 constitutum
1218 1637 1389 1720 scopulum
1454 1638 1455 1641 ’

212 1747 330 1812 montis
352 1747 455 1831 ardui,
479 1747 569 1814 cuius
585 1748 619 1813 in
635 1739 758 1813 summo
775 1748 940 1845 cacumine
957 1753 1107 1819 statutam
1123 1747 1264 1830 puellam
1278 1746 1388 1811 cuncti

213 1855 374 1940 deserunt,
403 1856 580 1942 taedasque
609 1859 771 1943 nuptiales
801 1859 917 1943 quibus
944 1859 1171 1942 praeluxerant
1198 1856 1323 1922 ibidem
1345 1859 1390 1921 la-

212 1968 319 2034 crimis
336 1969 404 2034 suis
419 1968 575 2034 extinctas
590 1969 808 2052 relinquentes
828 1968 963 2034 deiectis
979 1968 1138 2052 capitibus
1154 1967 1388 2034 domuitionem
1407 1962 1430 2010 ¹5

211 2085 336 2161 parant.
382 2084 414 2144 et
442 2078 551 2145 miseri
584 2078 714 2161 quidem
743 2085 896 2162 parentes
925 2079 995 2144 eius
1025 2085 1116 2142 tanta
1143 2077 1234 2143 clade
1263 2077 1389 2145 defessi

211 2189 340 2255 clausae
364 2188 477 2255 domus
499 2189 640 2257 abstrusi
661 2188 803 2255 tenebris
825 2194 1000 2273 perpetuae
1015 2189 1101 2254 nocti
1124 2207 1196 2254 sese
1219 2183 1387 2254 dedidere.

210 2299 360 2384 Psychen
388 2306 495 2365 autem
524 2306 697 2384 pauentem
726 2318 764 2364 ac
791 2298 1006 2383 trepidantem
1034 2306 1067 2363 et
1093 2300 1127 2362 in
1155 2299 1227 2383 ipso
1261 2301 1389 2384 scopuli
1456 2386 1457 2395 ἵ

210 2409 329 2475 uertice
351 2408 522 2477 deflentem
546 2411 633 2477 mitis
656 2430 733 2475 aura
748 2409 886 2476 molliter
908 2409 1061 2494 spirantis
1083 2409 1224 2494 Zephyri
1247 2409 1388 2476 uibratis

211 2520 286 2585 hinc
308 2520 384 2586 inde
406 2521 535 2588 laciniis
559 2528 590 2586 et
611 2520 723 2587 reflato
737 2522 810 2586 sinu
826 2520 947 2586 sensim
962 2521 1102 2585 leuatam
1118 2523 1186 2586 solo
1208 2522 1387 2605 tranquillo
1404 2519 1430 2568 2⁰

211 2630 324 2714 spiritu
347 2631 469 2697 uehens
491 2632 648 2716 paulatim
663 2651 721 2715 per
743 2631 871 2697 deuexa
892 2632 983 2715 rupis
1004 2632 1164 2714 excelsae,
1188 2631 1284 2697 uallis
1308 2632 1386 2697 sub

210 2741 296 2807 ditae
317 2740 461 2807 florentis
485 2742 615 2825 cespitis
638 2741 761 2825 gremio
784 2741 900 2806 leniter
922 2740 1089 2823 delapsam
1112 2741 1256 2807 reclinat.

1408 1407 1431 1453 ttr

209 2934 510 2941 »Ἥ

279 3052 290 3101 1
310 3053 373 3103 sunt
390 3048 505 3103 coniecit
521 3044 638 3100 [abuius
707 3048 721 3099 3
741 3047 833 3113 gentes
848 3046 888 3101 sic
901 3044 945 3114 Fp
965 3045 1023 3106 (sert
1041 3047 1069 3099 r'rr
1085 3044 1115 3098 F
1121 3046 1262 3116 posterior
1278 3060 1293 3098 e
1310 3061 1389 3097 corr.

209 3159 225 3195 α
244 3143 338 3212 prima
362 3158 444 3195 marra
468 3156 506 3195 ecc
531 3140 552 3205 s)
651 3143 679 3192 10
699 3157 743 3208 q*
768 3143 795 3206 (q
818 3157 836 3192 a
855 3139 950 3208 pruma
980 3155 1076 3203 manu,
1111 3137 1209 3192 lineola
1240 3137 1389 3244 trapsfiar't

207 3258 342 3323 secundm
360 3260 389 3313 tu
406 3276 460 3313 ras.
478 3258 535 3328 fad
552 3258 578 3323 d)
598 3259 681 3313 tetrus
698 3261 718 3322 (t
735 3264 765 3311 et
782 3257 837 3312 trui
852 3256 964 3329 scripsit
981 3257 1100 3312 secunda
1117 3266 1222 3318 marrus)
1241 3256 1299 3310 orbr
1317 3286 1329 3307 s
1350 3288 1361 3308 .
1378 3288 1388 3307 .

208 3377 239 3441 F,
258 3378 293 3447 qd
311 3378 340 3442 (d
357 3394 429 3433 corr.
452 3381 483 3430 ct
508 3376 563 3429 aid.
589 3377 617 3431 r'n
635 3383 655 3442 t)
680 3338 857 3446 otrotdrbrtp
946 3382 974 3429 11
994 3377 1124 3445 ingreium
1143 3376 1176 3430 F
1262 3384 1339 3445 pope
1359 3388 1387 3432 t·

208 3470 270 3523 add.
288 3486 384 3524 manus
401 3470 520 3525 secunda
538 3475 569 3523 ut
585 3468 652 3533 uid.)
672 3470 708 3531 F,
735 3479 844 3538 popep
933 3474 962 3522 15
982 3469 1098 3525 extintat
1112 3470 1151 3523 sic
1169 3469 1200 3534 F,
1219 3470 1348 3537 extruitur
1365 3493 1383 3540 p

211 3568 238 3616 11
264 3565 351 3618 noctis
374 3565 426 3618 tete
449 3562 494 3632 Fe
582 3566 613 3616 18
631 3557 752 3631 trepida,
778 3563 888 3633 scirpula
921 3578 1017 3616 rursus
1040 3579 1120 3617 erasa
1144 3569 1170 3616 et
1193 3561 1256 3615 cdd.
1281 3565 1343 3618 tsed
1370 3584 1387 3619 u

206 3698 288 3735 marcu
301 3684 405 3754 prima)
423 3664 470 3737 nte
486 3681 535 3735 sed
545 3683 677 3753 primitus
695 3680 826 3735 librarius
849 3681 936 3737 solam
954 3698 981 3735 m
998 3681 1144 3736 additurus
1167 3686 1227 3735 erut
1243 3681 1275 3747 F,
1293 3644 1328 3750 'dl
1341 3701 1383 3751 pr-

207 3800 278 3870 dap
366 3806 396 3855 19
414 3801 517 3870 zephrrr
535 3801 563 3855 F
636 3800 769 3854 uibrantrt
793 3799 851 3869 Fp.
876 3800 924 3854 sed
950 3763 972 3855 d.
991 3800 1126 3855 mbrantl
1143 3800 1245 3854 librant
1265 3800 1329 3853 redd.
1358 3806 1386 3857 iu

206 3910 329 3965 marpp
416 3899 448 3949 20
467 3896 521 3949 tmo
539 3894 577 3959 F,
597 3894 672 3962 dr'rp
743 3892 796 3947 tolo
815 3893 946 3948 chnr'us:
966 3895 1011 3948 tuo
1030 3892 1058 3946 F
1137 3898 1167 3946 21
1187 3893 1332 3947 uehemens
1351 3896 1384 3959 F,

206 3990 305 4042 uehens
328 3988 377 4041 sed
403 3988 458 4041 stu
475 4002 530 4041 ras·
554 3986 619 4056 tfar't
635 3987 721 4055 rma
808 3990 839 4039 22
857 3988 1038 4058 subscrrptum
1062 3996 1116 4058 (go
1142 3987 1273 4041 talluttrut
1290 3988 1387 4055 legrdr

206 4083 310 4136 emdaur
327 4096 408 4136 rome.
426 4081 497 4135 tehx.
518 4080 522 4147 1
541 4094 826 4133 nurmnosrmosnou
844 4096 900 4133 mu.
919 4096 972 4133 1111.
993 4081 1088 4150 explic.
1109 4088 1112 4141 Ι
1132 4096 1244 4135 ruerrrr.
1263 4097 1290 4133 v.
1306 4098 1387 4136 ram-

206 4190 294 4230 crrnn.
312 4176 341 4229 tn
358 4174 386 4231 F
