2934 4900
195 256 256 319 196
714 270 806 316 mum
828 268 851 313 x

192 423 392 507 largiebatur
419 426 537 508 partim
566 421 731 488 mercedes
758 422 978 505 amplissimas
1005 417 1218 502 acceptando,
1248 414 1373 499 partim

198 554 316 599 nouum
340 536 556 618 spectaculum
572 534 701 599 domino
717 531 952 616 praeparando,
988 531 1211 597 incunctanter
1225 527 1255 593 ei
1277 525 1375 591 deni·

195 662 259 727 que
287 644 432 711 libidinis
459 649 591 711 nostrae
618 650 718 708 totam
747 643 868 727 detegit
897 660 1058 709 scaenam.
1101 646 1137 703 at
1164 638 1220 704 illc
1249 636 1374 703 liberto

196 754 366 839 magnifice
381 762 547 821 munerato
563 754 705 821 destinat
720 774 772 819 me
785 754 967 837 spectaculo
983 750 1122 835 publico.
1160 755 1193 815 et
1214 747 1372 829 quoniam

195 884 300 948 neque
322 866 454 949 egregia
472 864 530 930 illa
552 885 632 931 uxor
653 884 727 930 mea
748 870 879 948 propter
901 862 1091 947 dignitatem
1106 878 1211 943 neque
1233 874 1373 941 prorsus
1393 861 1408 909 5

197 975 265 1039 ulla
284 975 351 1040 alia
365 975 505 1041 inueniri
518 982 654 1060 poterat,
676 974 794 1059 grandi
807 973 952 1058 praemio
970 972 1045 1039 uilis
1061 970 1234 1055 acquiritur
1257 968 1374 1050 aliqua

197 1086 358 1151 sententia
379 1085 539 1169 praesidis
561 1086 675 1153 bestiis
690 1084 829 1169 addicta,
853 1104 936 1169 quae
959 1102 1082 1149 mecum
1104 1082 1247 1145 incoram
1263 1078 1373 1162 publi-

86 1232 89 1236 ·
196 1216 267 1261 carn
281 1197 393 1282 populi
407 1216 540 1262 caueam
556 1197 780 1281 frequentaret.
817 1196 887 1262 eius
899 1212 1024 1276 poenae
1037 1193 1136 1257 talem
1151 1208 1373 1273 cognoueram

198 1306 349 1371 fabulam.

283 1416 432 1480 Maritum
453 1415 566 1481 habuit
587 1419 677 1481 cuius
699 1424 792 1500 pater
812 1433 947 1498 peregre
969 1413 1176 1498 proficiscens
1197 1409 1373 1475 mandauit
1394 1416 1425 1464 10

198 1527 292 1591 uxori
304 1546 393 1605 suae,
408 1527 502 1592 matri
515 1525 658 1591 eiusdem
669 1526 797 1591 iuuenis
809 1560 848 1571 -
865 1524 950 1608 quod
965 1526 1050 1591 enim
1067 1525 1196 1590 sarcina
1209 1542 1374 1607 praegna-

198 1636 298 1735 tqonis
315 1644 480 1702 oneratam
492 1656 564 1702 earn
575 1636 829 1719 relinquebat-
841 1639 875 1699 ut
886 1636 913 1701 si
926 1654 1023 1701 sexus
1039 1634 1198 1719 sequioris
1211 1633 1376 1700 edidisset

198 1746 327 1827 foetum,
351 1748 495 1830 protinus
517 1745 603 1830 quod
625 1753 711 1812 esset
732 1745 852 1811 editum
873 1752 1050 1811 necaretur.
1085 1752 1119 1811 at
1134 1746 1191 1809 illa
1212 1764 1290 1830 prae
1312 1745 1375 1809 ab·

200 1857 307 1923 sentia
327 1857 433 1921 mariti
455 1863 564 1922 natam
585 1857 726 1940 puellam
749 1857 848 1923 insita
870 1855 1026 1922 matribus
1050 1856 1170 1939 pietate
1191 1861 1377 1940 praeuenta

199 1965 337 2033 desciuit
351 1967 392 2031 ab
407 1967 563 2051 obsequio
577 1966 685 2031 mariti
700 1986 835 2051 eamque
850 1965 993 2051 prodidit
1007 1965 1123 2032 uicinis
1138 1964 1376 2031 alumnandam
1397 1980 1426 2028 15

198 2096 411 2160 regressoque
432 2078 497 2142 iam
519 2077 633 2141 marito
655 2083 766 2143 natam
788 2084 999 2161 necatamque
1019 2076 1190 2142 nuntiauit.
1234 2076 1293 2143 sed
1314 2077 1377 2141 ubi
1394 2090 1459 2161 [aec]

198 2186 260 2253 flos
281 2186 397 2253 aetatis
412 2188 589 2269 nuptialem
612 2188 732 2271 uirgini
747 2186 833 2253 diem
848 2186 1027 2271 flagitabat,
1049 2206 1109 2252 nec
1123 2186 1238 2271 ignaro
1254 2187 1376 2251 marito

199 2297 313 2363 dotare
334 2296 434 2361 filiam
443 2311 515 2381 pro
535 2297 699 2363 natalibus
721 2298 841 2381 quibat,
865 2298 950 2382 quod
971 2299 1074 2365 solum
1096 2298 1201 2381 potuit
1221 2297 1288 2362 filio
1310 2316 1374 2361 suo

199 2407 331 2473 tacitum
354 2412 510 2473 secretum
525 2406 661 2492 aperuit.
697 2426 773 2474 narn
796 2412 828 2474 et
850 2406 969 2494 oppido
984 2408 1156 2474 uerebatur
1169 2428 1277 2492 nequo
1291 2426 1377 2475 casu

200 2517 317 2582 caloris
337 2517 499 2584 iuuenalis
520 2518 641 2601 impetu
661 2518 775 2602 lapsus
795 2519 924 2586 nescius
939 2519 1083 2586 nesciam
1098 2538 1241 2585 sororem
1262 2519 1376 2584 incur·
1396 2535 1427 2584 ao

200 2634 295 2692 reret.
339 2626 398 2692 sed
418 2628 550 2711 pietatis
572 2633 734 2711 spectatae
765 2629 892 2696 iuuenis
920 2635 951 2694 et
978 2630 1089 2696 matris
1119 2630 1309 2714 obsequium
1342 2638 1378 2696 et

201 2737 320 2803 sororis
342 2735 481 2802 officium
494 2738 645 2821 religiose
660 2736 828 2821 dispensat
850 2745 881 2804 et
902 2740 1029 2806 areanis
1044 2739 1158 2806 domus
1173 2741 1377 2808 uenerabilis

201 2847 324 2914 silentii
345 2847 510 2914 custodiae
531 2847 664 2913 tradidit
684 2848 846 2934 plebeiam
861 2850 943 2916 facio
965 2857 1059 2916 tenus
1073 2849 1290 2934 praetendens
1312 2852 1377 2918 hu-

201 2958 396 3024 manitatem.
434 2959 481 3025 sie
501 2959 718 3025 necessarium
734 2959 903 3043 sanguinis
918 2960 969 3026 sui
990 2982 1106 3028 munus
1129 2961 1317 3046 adgreditur
1341 2972 1378 3030 ut

201 3067 382 3135 desolatam
409 3067 549 3134 uicinam
575 3069 718 3152 puellam
748 3082 980 3153 parentumque
1014 3071 1177 3155 praesidio
1205 3074 1375 3140 uiduatam
1393 3088 1427 3137 25

202 3178 316 3245 domus
338 3198 417 3244 suae
439 3180 539 3244 tutela
560 3186 740 3263 receptaret
754 3198 792 3244 ac
814 3201 889 3246 mox
910 3181 1073 3248 artissimo
1088 3184 1286 3268 multumque
1310 3185 1376 3252 sibi

202 3278 320 3353 dilecto
349 3289 571 3354 contubernali
601 3290 737 3373 largitus
765 3289 806 3356 de
841 3292 970 3376 proprio
1004 3290 1112 3357 dotem
1145 3293 1378 3362 liberalissime

51 3400 179 3466 XXIIII
208 3398 358 3464 traderet
396 3398 455 3464 sed
476 3399 557 3465 haee
578 3399 661 3464 bene
682 3407 779 3484 atque
801 3401 920 3485 optime
934 3403 1095 3486 plenaque
1116 3421 1187 3467 eum
1203 3406 1379 3471 sanctimo-

203 3509 260 3575 nia
280 3509 439 3593 disposita
453 3510 585 3576 feralem
600 3510 746 3576 fortunae
761 3518 873 3575 nutum
895 3512 997 3577 latere
1012 3531 1076 3577 non
1092 3520 1261 3597 potuerunt
1282 3517 1378 3584 cuius

204 3619 359 3685 instinctu
379 3619 508 3684 domum
529 3619 658 3686 iuuenis
680 3621 827 3704 protinus
850 3640 885 3686 se
907 3619 1026 3686 direxit
1040 3642 1140 3688 saeua
1153 3624 1312 3692 riualitas.
1346 3634 1380 3692 et
1397 3645 1428 3693 co

204 3730 279 3794 ilico
308 3729 389 3795 haee
417 3729 530 3796 eadem
558 3750 639 3796 uxor
666 3731 735 3796 eius
765 3751 848 3814 quae
877 3751 962 3796 nuuc
992 3730 1105 3809 bestiis
1134 3742 1266 3818 propter
1293 3735 1380 3802 haec

205 3841 278 3924 ipsa
299 3839 404 3907 iuerat
425 3840 561 3922 addicta,
591 3841 695 3926 coepit
716 3842 858 3924 puellam
880 3841 969 3907 uelut
990 3845 1148 3908 aemulam
1177 3845 1239 3910 tori
1262 3865 1383 3912 succu-

276 4158 436 4222 operuerat
454 4154 495 4222 aa
570 4152 632 4207 amr
647 4151 680 4221 s.-
703 4151 764 4206 eun
779 4153 821 4222 aa
890 4153 987 4224 unque
1005 4155 1042 4218 r,
1066 4155 1161 4226 aqna
1182 4155 1216 4226 f,
1244 4119 1384 4229 siquae

207 4247 312 4316 8pqne
338 4246 366 4300 F
458 4251 487 4300 la
506 4242 574 4300 feto.
593 4246 661 4317 (fait
685 4244 751 4310 llll
838 4246 998 4303 abstruenba
1021 4248 1066 4317 Fe
1152 4255 1184 4305 22
1212 4252 1343 4308 archanrl
1360 4255 1387 4306 F

741 4321 756 4392 d.
771 4352 811 4393 hee

207 4398 439 4465 balaneensis
454 4399 498 4469 qu
585 4403 614 4454 31
634 4399 686 4453 hac
703 4404 735 4470 F,
754 4404 842 4471 hace
930 4407 961 4456 32
981 4409 1052 4474 ceprt
1069 4403 1097 4458 F
1203 4449 1205 4456 .
