2934 4900
205 215 265 274 154
698 226 792 273 nram
813 228 872 274 vin

201 382 263 445 ctis
287 379 471 447 stramentis
493 399 545 445 me
566 377 757 446 renudatum
779 398 818 444 ac
832 377 874 443 de
887 377 1028 462 quadam
1043 398 1163 462 quercu
1177 378 1387 447 destinatum

137 543 142 548 .
202 489 304 572 flagro
330 489 386 554 illo
407 489 554 574 pecuinis
576 487 702 554 ossibus
724 494 872 554 catenato
894 488 1106 556 uerberantes
1127 509 1232 573 paene
1254 489 1297 553 ad
1320 508 1386 554 ex-

200 607 337 664 tremam
348 600 551 666 confecerant
564 607 706 664 mortem.
729 599 789 663 fuit
802 619 885 664 uuus
897 599 952 682 qui
966 599 1105 683 poplites
1117 617 1206 666 meos
1216 617 1386 664 eneruare
1405 601 1461 667 [2¹6

204 729 316 776 secure
338 730 398 776 sua
420 711 673 788 comminaretur,
698 708 783 793 quod
805 708 846 775 de
868 708 990 792 pudore
1011 709 1067 773 illo
1089 709 1227 776 candido
1250 709 1386 775 scilicet

205 841 264 886 suo
287 827 352 884 tam
375 819 559 886 deformiter
580 819 840 904 triumphantem.
862 819 920 883 sed
942 819 1040 884 ceteri
1062 840 1126 886 non
1141 839 1233 884 meae
1254 821 1419 886 salutisa

202 929 261 996 sed
291 929 452 996 simulacri
480 930 615 996 iacentis
643 929 912 1014 contemplatione
939 931 973 994 iu
1001 929 1070 994 uita
1098 950 1151 994 me
1170 929 1383 995 retinendum

113 1022 116 1026 ’
202 1059 366 1106 censuere.
390 1061 515 1106 rursum
543 1041 652 1124 itaque
684 1059 734 1105 me
767 1040 917 1105 refertum
947 1041 1098 1120 sarcinis,
1121 1039 1230 1124 planis
1250 1041 1384 1124 gladiis

204 1150 363 1217 minantes
385 1153 578 1235 perueniunt
599 1149 642 1215 ad
664 1150 826 1234 quandam
849 1149 989 1214 nobilem
1011 1150 1183 1215 ciuitatem.
1220 1151 1301 1215 inibi
1325 1152 1385 1216 uir

204 1260 395 1344 principalis
416 1261 551 1332 etalias
573 1261 742 1342 religiosus
765 1266 797 1326 et
818 1261 935 1326 eximie
957 1259 1051 1325 deam
1073 1280 1226 1326 reuersus
1253 1261 1385 1327 tinnitu

205 1370 425 1454 cymbalorum
448 1376 480 1436 et
502 1391 584 1437 sonu
605 1368 831 1456 tympanorum
853 1377 1029 1452 cantusque
1049 1371 1185 1455 Phrygii
1207 1373 1385 1436 mulcenti·
1405 1393 1433 1440 ro

203 1481 266 1546 bus
295 1481 432 1548 modulis
461 1482 584 1548 excitus
617 1481 776 1566 procurrit
804 1481 933 1546 obuiam
962 1480 1120 1564 deamque
1143 1481 1251 1545 uotiuo
1274 1485 1384 1547 susci·

202 1592 297 1675 piens
320 1591 459 1676 hospitio
480 1613 539 1658 nos
562 1592 666 1658 omnis
689 1592 775 1658 intra
795 1596 1002 1675 consaeptum
1018 1589 1131 1655 domus
1152 1592 1383 1675 amplissimae

203 1701 366 1766 constituit
395 1721 577 1786 numenque
605 1721 729 1766 summa
757 1682 966 1768 ueneratione
993 1707 1090 1783 atque
1118 1700 1232 1766 hostiis
1253 1703 1383 1784 opimis

200 1811 330 1895 placare
352 1813 523 1878 contendit.
860 1879 878 1921 ι

59 1925 177 1990 XXXI
282 1922 343 1987 Hic
365 1943 425 2006 ego
448 1941 498 1987 me
520 1923 722 2004 potissimum
745 1920 861 2005 capitis
883 1922 1095 2005 periclitatum
1119 1922 1259 1985 memini.
1297 1944 1382 1986 nam
1403 1936 1431 1983 re

203 2031 334 2114 quidam
357 2034 488 2098 colonus
509 2040 632 2115 partem
655 2032 837 2098 uenationis
859 2031 1000 2096 inmanis
1014 2031 1101 2096 cerui
1124 2031 1381 2113 pinguissimum

201 2142 303 2207 femus
334 2142 462 2207 domino
495 2143 622 2208 illisue
650 2143 774 2208 muneri
802 2141 951 2221 miserat,
983 2140 1069 2224 quod
1098 2141 1259 2208 incuriose
1288 2162 1382 2227 pone

201 2253 327 2318 culinae
348 2253 431 2318 iores
453 2274 517 2318 non
540 2253 707 2318 altiuscule
729 2271 920 2336 suspensum
935 2253 1025 2316 canis
1040 2251 1186 2334 adaeque
1201 2253 1380 2319 uenaticus

200 2365 337 2428 latenter
358 2362 531 2444 inuaserat,
553 2365 719 2447 laetusque
734 2361 858 2447 praeda
878 2382 1014 2445 propere
1030 2360 1246 2427 custodientes
1261 2365 1381 2429 oculos

200 2480 359 2539 erraserat.
404 2493 466 2557 quo
497 2473 614 2539 damno
643 2474 770 2557 cognito
801 2480 923 2555 suaque
945 2472 1143 2557 reprehensa
1164 2474 1382 2556 neglegentia
1399 2491 1430 2538 ao

201 2602 296 2650 cocus
318 2582 375 2648 diu
395 2584 588 2651 lamentatus
610 2584 752 2649 lacrimis
774 2582 994 2649 inefficacibus
1008 2583 1072 2647 iam
1095 2583 1223 2666 iamque
1238 2583 1381 2650 domino

201 2712 313 2758 cenam
335 2694 501 2777 flagitante
522 2714 670 2761 maerens
694 2701 725 2760 et
747 2700 908 2777 utcunque
931 2700 1076 2758 metuens
1103 2693 1200 2759 altius
1220 2693 1290 2757 filio
1316 2716 1380 2761 suo

198 2804 334 2887 paruulo
357 2805 555 2871 consalutato
585 2805 783 2889 adreptoque
813 2804 954 2869 luniculo
977 2808 1109 2867 mortem
1132 2803 1194 2869 sibi
1216 2806 1312 2868 nexu'
1331 2806 1381 2871 la-

201 2913 276 2997 quei
298 2916 515 2997 comparabat.
558 2934 618 2981 nec
646 2922 752 2980 tamen
782 2914 876 2979 latuit
902 2913 1000 2978 fidam
1030 2932 1161 2979 uxorem
1184 2913 1253 2979 eius
1275 2932 1381 2981 casus

202 3032 363 3091 extremus
384 3026 490 3090 mariti
514 3026 571 3092 sed
594 3026 755 3091 funestum
783 3024 904 3089 nodum
932 3023 1090 3089 uiolenter
1116 3023 1275 3090 inuadcns
1305 3046 1380 3090 ma·
1397 3036 1427 3083 ae

164 3157 166 3169 ’
200 3136 296 3201 nibus
339 3134 496 3202 ambabus
528 3129 673 3201 ‘adeone’
712 3134 816 3218 inquit
848 3128 1025 3218 ‘praesenti
1061 3135 1146 3198 malo
1181 3136 1380 3216 perterritus

199 3252 305 3311 mente
329 3244 479 3311 excidisti
501 3251 556 3309 tua
577 3265 637 3311 nec
659 3244 822 3309 fortuitum
844 3244 932 3309 istud
946 3242 1141 3323 remedium,
1165 3242 1251 3323 quod
1273 3243 1379 3310 deum

136 3434 142 3447 ¹
198 3356 403 3441 prouidentia
423 3355 660 3435 subministrat,
690 3355 846 3420 intueris?
887 3374 961 3419 nam
984 3336 1091 3437 siduid
1113 3354 1146 3418 in
1169 3354 1280 3419 ultimo
1310 3355 1379 3421 for-

200 3473 298 3531 tunae
334 3466 460 3531 turbine
497 3466 674 3550 resipiscis,
712 3464 877 3549 expergite
906 3465 949 3527 mi
978 3466 1126 3529 ausculta
1153 3470 1185 3528 et
1206 3462 1378 3530 aduenam

199 3577 296 3642 istum
318 3577 444 3643 asinum
467 3584 588 3641 remoto
611 3574 749 3659 quodam
771 3576 841 3640 loco
863 3573 1033 3639 deductum
1061 3574 1172 3656 iugula
1199 3574 1377 3659 femusque
1395 3592 1426 3640 eo

199 3686 333 3752 eiusad
357 3686 598 3752 similitudinem
627 3684 747 3771 perditi
774 3685 952 3751 detractum
975 3692 1006 3747 et
1019 3683 1206 3749 accuratius
1235 3685 1270 3749 in
1298 3706 1377 3768 pro

197 3796 357 3861 trimontis
379 3796 583 3880 sapidissime
604 3802 786 3881 percoctum
801 3794 928 3878 adpone
943 3793 1072 3859 domino
1094 3794 1219 3860 ceruini
1241 3796 1361 3862 uicem.

198 4022 214 4027 ,
225 4015 505 4026 ,.--.-.....-,---

271 4162 452 4223 trenundatd
470 4167 497 4219 F
503 4171 509 4195 ¹
595 4166 707 4221 edeam
724 4166 758 4220 de
777 4168 851 4237 lloop
867 4166 1005 4237 spicilepii
1021 4183 1054 4237 p.
1072 4168 1123 4217 45:
1140 4166 1185 4219 dm
1203 4164 1248 4234 For
1344 4175 1375 4223 to

199 4262 280 4331 srygn
304 4267 390 4333 (post.
414 4262 469 4315 rin
491 4275 546 4314 raa.
571 4260 633 4313 add.
658 4276 730 4315 azara
753 4259 882 4314 camarda,
906 4259 934 4312 F
1024 4264 1053 4312 12
1072 4256 1201 4328 conseptu
1224 4260 1255 4314 F
1344 4268 1375 4317 18

198 4351 333 4423 ruspare
351 4355 382 4419 F,
401 4350 560 4423 iuspenldp
