2934 4900
555 209 627 257 car.
650 209 874 258 xxv—xxvnr
1233 200 1292 263 199

121 360 271 443 primens
292 359 407 427 faeiem
429 359 646 443 praetendens
667 361 840 447 imaginem
863 364 1046 431 blandicule
1073 366 1241 451 respondit
1262 374 1294 433 61
1350 422 1352 425 .

119 472 235 538 omnia
254 472 380 557 prolixe
403 470 668 555 adcumulateque
689 473 858 555 pollicetur
885 481 916 539 et
943 478 1293 559 stantunpraemium

121 582 197 648 sinc
237 601 327 646 mora
365 600 401 647 se
431 581 628 648 reddituram
665 584 829 649 constituit
857 584 951 650 modo
980 585 1157 667 pauxillum
1186 585 1226 652 de
1255 606 1294 651 ea

121 691 256 775 potione
278 691 389 774 largiri
416 692 478 757 sibi
506 694 605 759 uellet
630 693 671 757 ob
701 694 843 777 incoepti
870 696 993 777 negotii
1017 696 1292 779 persecutionem.

82 816 101 865 5
121 799 203 884 quid
224 801 392 885 pluribus?
413 803 539 885 laqueis
561 802 722 869 fraudium
744 804 959 888 pessimarum
982 825 1061 871 uxor
1083 806 1215 871 inducta
1229 826 1293 873 me·

122 910 190 975 dici
222 911 317 976 facile
349 914 514 979 consensit
545 919 577 979 et
605 934 668 999 quo
690 934 725 980 se
758 913 931 997 gratiorem
967 915 1119 998 locupleti
1151 916 1292 983 feminae

120 1022 254 1103 faceret,
276 1022 455 1106 properiter
477 1021 570 1089 domo
592 1024 695 1108 petita
715 1031 816 1089 totam
844 1045 975 1109 prorsus
998 1026 1117 1091 ueneni
1138 1026 1291 1111 pyxidem

121 1131 250 1196 mulieri
270 1131 415 1197 tradidit.
437 1153 520 1217 quae
535 1134 691 1217 grandem
707 1135 864 1201 scelerum
880 1142 999 1200 nancta
1014 1136 1180 1201 materiam
1196 1137 1291 1221 longe

121 1241 254 1325 lateque
274 1248 424 1308 cruentas
446 1264 523 1309 suas
544 1265 659 1310 manus
681 1245 826 1328 porrigit.

67 1360 103 1409 ro
208 1351 360 1417 Habebat
381 1352 480 1418 filiam
502 1355 671 1438 paruulam
687 1354 728 1421 de
742 1356 857 1420 marito
872 1374 967 1439 quern
981 1376 1085 1440 nuper
1098 1361 1280 1423 necauerat.
1302 1352 1444 1417 XXVIII

122 1461 200 1525 huic
231 1462 409 1529 infantulae
438 1464 523 1547 quod
559 1466 649 1548 leges
676 1465 895 1531 necessariam
925 1466 1028 1549 patris
1056 1466 1291 1533 successionem

121 1571 295 1654 deferrent,
318 1574 500 1639 sustinebat
514 1575 692 1658 aegerrime
706 1575 900 1656 inhiansque
915 1582 982 1640 toto
997 1574 1082 1642 filiae
1097 1576 1290 1661 patrimonio

120 1682 301 1747 inminebat
322 1690 355 1748 et
376 1684 483 1768 capiti.
525 1705 602 1767 ergo
624 1693 712 1751 certa
733 1686 953 1751 defunctorum
975 1687 1148 1751 liberorum
1171 1692 1290 1753 matres

120 1793 320 1870 [sceleratas]
341 1794 538 1861 hereditates
561 1796 718 1881 excipere,
740 1798 838 1862 talem
859 1802 1024 1881 parentem
1046 1796 1196 1881 praebuit
1216 1814 1292 1877 qua·
1316 1797 1326 1814 ‘

48 1920 104 1967 ’16
122 1904 188 1969 lem
210 1894 401 1969 exhibuerat
421 1924 552 1970 uxorem
574 1906 776 1990 prandioque
798 1912 976 1972 commento
1005 1927 1063 1990 pro
1092 1913 1236 1991 tempore
1260 1912 1292 1970 61

121 2021 255 2079 uxorem
277 2015 396 2080 medici
417 2016 512 2081 simul
542 2022 575 2081 61
607 2037 697 2081 suam
720 2016 820 2081 filiarn
848 2015 973 2083 ueneno
1003 2016 1116 2082 eodem
1144 2016 1292 2100 percutit.

122 2124 181 2191 sed
207 2126 364 2208 paruulae
394 2125 524 2208 quidem
559 2133 689 2192 tenuem
719 2127 866 2210 spiritum
896 2133 928 2191 61
955 2126 1094 2193 delicata
1115 2146 1153 2191 ac
1181 2135 1293 2191 tenera

121 2233 314 2319 praecordia
329 2236 456 2301 conficit
476 2236 623 2319 protinus
638 2237 727 2301 uirus
749 2237 909 2319 infestum,
933 2242 968 2300 at
981 2257 1061 2301 uxor
1075 2235 1192 2302 medici
1216 2235 1292 2300 dum

122 2346 229 2411 noxiis
253 2346 444 2431 amhagibus
466 2347 636 2430 pulmones
659 2348 729 2412 eius
752 2355 898 2430 pererrat
919 2352 1097 2430 tempestas
1119 2346 1292 2413 detestabi-

67 2470 105 2519 2o
122 2458 167 2523 lis
185 2457 325 2542 potionis
347 2458 485 2542 primum
507 2458 672 2542 suspicata
693 2456 779 2541 quod
800 2477 851 2524 res
874 2464 951 2538 erat,
974 2477 1050 2522 mox
1071 2461 1206 2541 urgente
1228 2459 1291 2542 spi·

122 2569 187 2632 ritu
219 2568 284 2633 iam
321 2575 407 2633 certo
440 2569 556 2633 certior
587 2543 752 2633 contendit
779 2567 822 2632 ad
850 2567 954 2651 ipsam
977 2568 1138 2651 praesidis
1161 2567 1291 2632 domum

122 2698 303 2762 magnoque
335 2677 431 2743 fidem
461 2679 530 2744 eius
562 2659 740 2762 protestata
770 2678 909 2743 clamore
938 2685 970 2743 61
998 2678 1109 2762 populi
1132 2679 1291 2742 concitato

122 2790 258 2853 tumultu
291 2794 400 2872 utpote
428 2797 494 2853 tam
528 2789 683 2853 immania
710 2787 876 2852 detectura
904 2787 1028 2870 flagitia
1057 2788 1154 2852 eflicit
1184 2788 1292 2853 statim

123 2899 187 2964 sihi
208 2899 304 2964 simul
326 2911 358 2964 61
379 2898 493 2964 domus
516 2904 548 2962 et
567 2917 662 2963 aures
684 2897 845 2982 praesidis
867 2898 1065 2982 patelierent.
1098 2898 1225 2980 iamque
1249 2897 1290 2961 ab

68 3018 105 3067 25
123 3008 193 3092 ipso
223 3009 355 3074 exordio
384 3007 627 3074 crudelissimae
656 3007 799 3072 mulieris
827 3008 949 3073 cunctis
972 3007 1191 3073 atrocitatibus
1221 3006 1291 3071 dili-

122 3124 235 3202 genter
257 3119 413 3203 expositis
435 3125 568 3202 repente
589 3116 706 3184 mentis
727 3117 839 3182 nubilo
870 3117 997 3182 turbine
1028 3123 1176 3201 correpta
1198 3117 1291 3182 semi-

123 3229 251 3295 hiantes
273 3229 379 3294 adhuc
401 3229 591 3312 compressit
612 3227 718 3293 labias
741 3234 773 3291 61
804 3227 913 3291 attritu
935 3226 1079 3292 dentium
1101 3228 1197 3310 longo
1220 3227 1291 3292 stri-

124 3319 200 3404 dore
223 3339 349 3404 reddito
371 3346 446 3404 ante
468 3341 557 3423 ipsos
580 3337 742 3422 praesidis
764 3337 864 3421 pedes
887 3338 1046 3404 exanimis
1069 3337 1195 3401 corruit.
1232 3355 1292 3401 nec

43 3485 51 3498 ·
123 3450 177 3513 ille
199 3450 249 3516 uir
271 3450 414 3533 alioquin
437 3449 595 3515 exercitus
617 3456 682 3511 tarn
705 3448 898 3513 multiforme
920 3447 1044 3514 facinus
1068 3455 1216 3512 excetrae
1238 3466 1291 3512 ne-

68 3574 105 3624 36
124 3559 261 3626 renatae
283 3560 439 3625 dilatione
460 3558 616 3642 languida
643 3558 768 3642 passns'
789 3577 987 3624 marcescere
1015 3558 1183 3622 confestim
1206 3545 1291 3624 cubi-

124 3670 253 3736 culariis
291 3671 434 3736 mulieris
471 3669 624 3734 adtractis
661 3670 694 3733 ui
729 3675 958 3734 tormentorum
1002 3668 1170 3733 ueritatem
1207 3666 1290 3732 eruit

192 3909 345 3993 l'ymagrnd
363 3922 390 3974 F
480 3921 547 3974 lab
565 3921 624 3989 Fa
716 3925 817 3988 incepti
834 3920 862 3972 F
944 3920 1055 3974 Ifa'ceu
1073 3925 1096 3986 (1
1113 3921 1141 3973 c‘a
1159 3934 1215 3972 ras.
1233 3918 1289 3972 cic.

121 4018 209 4087 subse
227 4021 259 4083 16)
278 4016 305 4070 F
374 4020 403 4068 13
422 4015 520 4067 matres
535 4014 711 4082 sceleratafp
730 4019 756 4066 61
774 4019 804 4066 at
821 4013 875 4066 uid.
894 4012 926 4076 F,
943 4020 1030 4066 mater
1047 4007 1175 4066 scelerata
1191 4011 1216 4080 f,
1236 4011 1290 4064 fee-

123 4137 222 4189 lerataf
236 4136 333 4199 6161661,
352 4134 483 4188 soleratas
501 4133 615 4188 coniecit
631 4131 766 4186 Pricaeus
854 4134 883 4184 18
901 4137 930 4184 at
946 4132 978 4201 f:
997 4131 1032 4185 ad
1049 4132 1080 4196 F,
1099 4083 1170 4198 adp
1258 4133 1289 4181 15

123 4228 261 4297 drhgentef
275 4229 343 4297 W
420 4231 452 4280 26
471 4226 606 4279 1661166161
621 4227 661 4276 1”
744 4229 775 4278 29
795 4229 917 4278 excetrae
936 4222 1166 4279 11616616661161.Ι
1182 4227 1291 4290 exereta

124 4321 182 4388 (scd
197 4321 364 4387 1616166111,
383 4325 538 4388 exceterup
609 4323 636 4371 31
659 4323 773 4372 ueritate
782 4324 878 4371 meruit
896 4318 999 4382 l·add.
1017 4334 1114 4371 raucus
1126 4316 1254 4381 secunda)
1266 4313 1295 4372 11
