2934 4900
476 236 549 284 cnr.
571 233 774 282 xvi—xvim
1177 218 1217 280 29

45 392 78 450 et
107 385 273 453 libidinem
301 388 472 456 incitantes
508 397 539 454 et
566 389 764 476 uoluptatem
798 389 1006 471 integrantes.
1058 388 1100 453 ad
1127 389 1218 454 cuius

45 498 152 564 noctis
172 499 338 581 exemplar
361 499 483 567 similes
506 499 729 568 adstruximus.
746 501 829 566 alias
851 501 1025 583 plusculas.

133 609 227 674 Forte
244 609 384 692 quadarn
406 611 460 677 die
482 612 522 677 de
544 631 594 677 me
618 631 735 696 magno
758 630 855 697 opere
876 610 1067 695 Byrrhaena
1088 616 1216 675 conten
1236 605 1349 675 XVIII

48 718 96 783 dit
120 718 204 804 apud
226 739 298 784 eam
321 723 454 787 cenulae
477 743 556 789 suae
577 723 768 789 interessem
791 730 914 788 etcum
938 720 1103 806 impendio
1125 740 1216 786 encu-

16 843 166 910 isarem,
189 831 322 914 negauit
344 834 482 898 ueniam.
520 852 597 918 ergo
620 834 719 917 igitur
741 833 830 898 Fotis
853 839 922 897 erat
943 831 1096 897 adeunda
1118 831 1222 915 deque

48 946 130 1004 nutu
157 941 225 1006 eius
255 943 424 1009 consilium
453 944 541 1008 uelut
568 944 748 1028 auspicium
770 929 953 1026 petendum.
998 962 1080 1026 quae
1113 963 1222 1026 quarn-

48 1070 146 1132 quam
166 1049 270 1116 inuita
292 1053 377 1136 quod
400 1074 419 1119 a
439 1073 477 1120 se
500 1073 606 1138 ungue
628 1055 725 1120 latius
741 1040 1068 1138 digrederer,tamen
1089 1053 1222 1118 comiter

48 1161 225 1227 amatoriae
247 1162 380 1230 militiae
402 1164 535 1230 breuem
557 1173 767 1230 commeatum
796 1164 940 1230 indulsit.
974 1157 1045 1230 ‘sed
1067 1164 1148 1229 heus
1168 1155 1218 1228 tu'

50 1271 156 1354 iuquit
183 1265 276 1338 ‘caue
309 1275 494 1358 regrediare
526 1277 806 1342 cena‘maturius.
856 1295 932 1350 nam
965 1294 1090 1340 cesana-
1123 1274 1220 1339 factio

11 1401 32 1448 to
50 1380 325 1463 nobilissimorum
347 1386 500 1452 iuuenum
522 1406 635 1471 pacem
660 1387 822 1473 publicam
843 1386 984 1456 infestat,
1009 1385 1131 1467 passim
1154 1390 1219 1448 tru-

48 1492 171 1558 cidatos
193 1513 252 1578 per
273 1495 398 1562 medias
421 1498 546 1582 plateas
569 1496 697 1564 uidebis
719 1498 841 1580 iacere,
866 1515 926 1561 nec
947 1495 1109 1580 praecidIs
1131 1495 1220 1560 auxi-

47 1601 91 1665 lia
113 1603 291 1689 longinqua
318 1607 427 1672 leuare
455 1608 618 1673 ciuitatem
652 1614 742 1672 tanta
765 1606 857 1694 clade
879 1613 1024 1692 possunt.
1061 1606 1119 1670 tibi
1143 1623 1219 1670 uero

47 1712 192 1779 fortunae
221 1716 374 1800 splendor
402 1695 556 1801 insidias,
591 1725 791 1803 contemptus
823 1719 919 1784 etiam
949 1716 1220 1802 peregrinationis

48 1824 165 1906 poterit
187 1820 338 1892 adferre'

11 1943 30 1992 li
127 1929 206 2002 ‘Fac
229 1937 299 2002 sine
318 1930 407 2003 cura'
432 1939 563 2023 inquam
583 1932 652 2021 ‘sis
674 1939 766 2006 Fotis
781 1959 862 2004 mea.
899 1959 975 2003 nam
990 1948 1118 2022 praeter
1133 1935 1217 2020 quod

48 2047 151 2128 epulis
174 2048 291 2114 alienis
314 2050 496 2132 uoluptates
518 2069 608 2116 meas
630 2051 839 2131 anteferrem,
862 2055 980 2114 metum
1003 2047 1099 2113 etiam
1121 2048 1217 2114 istum

47 2156 103 2220 tibi
127 2155 255 2223 demam
278 2166 439 2224 maturata
466 2161 677 2243 regressione.
714 2180 775 2226 nec
797 2167 904 2226 tamen
928 2157 1131 2225 incomitatus
1154 2159 1217 2223 ibo.

46 2287 118 2330 nam
141 2268 284 2351 gladiolo
308 2270 401 2336 solito
424 2272 546 2337 dinetus
568 2271 759 2338 altrinsecus
781 2272 851 2356 ipse
874 2270 988 2336 salutis
1011 2287 1104 2335 meae
1126 2288 1219 2353 prae·

48 2377 131 2444 sidia
153 2372 313 2464 gestabo'

12 2496 31 2547 io
129 2490 182 2555 Sic
204 2499 336 2576 paratus
359 2512 459 2558 cenae
482 2511 531 2557 me
554 2493 724 2557 committo.

12 2598 32 2665 3l
128 2601 296 2686 Frequens
318 2602 363 2666 ibi
385 2623 537 2669 numerus
559 2605 741 2689 epulonum·
755 2609 786 2667 et
806 2607 915 2686 utpote
937 2600 1024 2684 apud
1046 2601 1216 2686 primatem
1237 2604 1368 2672 XVIIII

47 2709 195 2775 seminam
224 2712 284 2779 flos
313 2713 383 2797 ipse
412 2714 561 2781 ciuitatis.
599 2716 756 2799 opipares
780 2715 859 2778 citro
888 2719 919 2777 et
947 2712 1043 2776 ebore
1074 2711 1215 2776 nitentes

47 2820 116 2885 lecti
139 2822 248 2889 aureis
269 2824 414 2891 uestibus
438 2817 563 2907 intebti,
597 2826 698 2910 ampli
720 2825 837 2889 calices
859 2823 971 2887 uariae
992 2820 1122 2905 quidem
1144 2842 1215 2904 gra-

48 2930 106 2995 tiae
123 2931 182 2997 sed
199 2933 409 3016 pretiositatis
425 2936 529 3001 unius.
562 2935 615 2999 hio
631 2936 747 3000 uitrum
769 2934 860 3000 fabre
876 2932 1061 3015 sigillatum,
1084 2931 1130 2995 ibi
1148 2950 1215 2995 cru-

13 3042 32 3093 u
48 3043 173 3107 stallum
195 3044 399 3129 inpunctnm,
423 3052 591 3130 argentum
614 3046 693 3110 alibi
715 3047 836 3110 clarum
859 3051 891 3109 et
912 3062 1024 3107 aurum
1046 3041 1214 3124 fulgurans

48 3158 75 3215 et
94 3154 243 3219 sucinum
265 3156 344 3221 inire
366 3163 514 3223 cauatum
544 3164 575 3223 et
595 3156 722 3242 lapides
746 3163 779 3220 ut
800 3155 894 3221 bibas
917 3160 949 3218 et
971 3151 1123 3236 quicquid
1143 3151 1213 3217 fieri

47 3282 105 3328 non
134 3270 243 3347 potest
270 3265 315 3331 ibi
344 3276 401 3332 est.
432 3266 623 3333 diribitores
656 3267 795 3351 plusculi
828 3262 999 3349 splendide
1021 3262 1130 3327 amicti
1151 3262 1214 3328 ser·

47 3374 113 3439 cula
133 3375 267 3459 copiosa
295 3376 408 3442 scitule
438 3378 696 3459 subministrare,
731 3376 823 3461 pueri
851 3373 1059 3439 calamistrati
1081 3372 1214 3458 pulchre

45 3519 350 3537 Ἢ

111 3643 121 3690 1
143 3641 289 3694 incitantes
305 3658 375 3697 corr.
394 3648 424 3695 tit
441 3640 498 3695 uid.
522 3656 560 3695 coc
576 3643 689 3695 incitata
713 3641 742 3693 iii
766 3638 806 3704 F,
828 3636 1006 3704 incitantesp
1108 3629 1214 3702 3qudb

49 3744 112 3781 corr.
133 3730 163 3783 i'n
181 3729 269 3799 qusdd
288 3736 315 3788 iii
334 3734 366 3798 F,
385 3731 511 3804 quadie>
581 3734 714 3804 byrrhena
731 3732 760 3786 F
847 3735 863 3783 4
882 3728 993 3783 cenulae
1010 3742 1076 3781 suae
1099 3728 1214 3798 scripisi:

49 3822 175 3892 cenuleue
193 3824 236 3894 Fp
323 3829 412 3883 etin
430 3829 505 3883 uelut
523 3844 593 3883 corr.
613 3845 649 3883 ccc
667 3842 696 3895 a,
725 3827 806 3879 etiam
823 3822 936 3893 scirpula
953 3837 1040 3892 supra
1057 3836 1080 3885 a,
1109 3826 1141 3875 ut
1156 3820 1213 3875 iiid.

47 3928 68 3965 ιι
82 3916 257 3986 significaris,
284 3937 363 3975 craso
381 3922 409 3975 i'ii
427 3921 455 3975 F
535 3929 550 3979 6
569 3918 677 3993 qusqub
692 3922 732 3974 sio
750 3919 778 3973 F
875 3921 903 3971 ιθ
920 3914 1028 3969 infestat
1047 3914 1078 3969 01
1099 3914 1213 3970 dendor-

44 4008 116 4074 pi'us:
134 4008 237 4064 insecta
254 4013 297 4083 Fe
369 4020 398 4069 ri
418 4010 496 4072 dedis
513 4017 544 4082 F,
564 4017 640 4071 dorna
658 4017 686 4070 i'ii
703 4031 759 4069 ras.
777 4014 841 4082 inp
893 4014 1045 4064 maturante
1062 4008 1108 4072 F,
1125 4014 1213 4062 matu-

47 4106 100 4155 rata
121 4105 268 4184 posterior
286 4123 303 4161 a
319 4109 347 4166 i'ii
358 4122 422 4164 rasa
441 4132 460 4180 p
530 4115 561 4164 ‘22
582 4110 699 4165 ciuitatis
714 4108 840 4177 opipares
855 4125 890 4176 p:
909 4103 1038 4171 ciuitatise
1051 4117 1092 4171 opi
1101 4102 1180 4183 pares
1192 4102 1220 4156 F

48 4196 74 4246 ir
90 4193 221 4251 crustallb
237 4200 269 4266 F,
288 4180 436 4273 eiistaldp
529 4210 560 4260 io
579 4204 687 4274 capides
709 4200 975 4270 conticueramus
1070 4193 1211 4249 2drr1ui-

48 4290 114 4342 tores
135 4290 181 4359 Fpi
264 4296 377 4363 plusculi
394 4328 404 4350 ι
423 4298 489 4369 tfai't
513 4301 532 4363 s)
550 4299 587 4364 F,
611 4298 724 4369 plusculi
743 4317 763 4366 p
850 4296 882 4349 28
900 4290 1007 4359 copiosa
1024 4320 1034 4340 ι
1053 4289 1147 4343 scitule
1163 4320 1173 4342 e
1193 4292 1215 4353 (s

48 4396 93 4436 uon
113 4383 243 4441 uideatur
259 4405 354 4446 casae
372 4408 437 4455 esaei
455 4392 487 4458 F,
506 4393 613 4464 copiosa
630 4392 723 4447 scitule
742 4409 761 4459 oi
