2934 4900
237 224 295 284 156
725 237 817 282 uram
838 237 916 284 vnn
1432 191 1434 325 Ι

235 391 320 460 sisse
342 412 380 457 ao
403 391 519 458 dehinc
541 389 720 475 proximum
743 391 864 472 petisse
886 389 1048 454 stabulum
1063 396 1161 473 atque
1182 389 1229 453 ibi
1250 390 1388 472 pleraque
1432 330 1434 365 Ι

234 503 375 568 iumenta
406 502 580 567 incurrisse
609 499 681 583 pari
708 499 845 564 saeuitia
873 518 932 563 nec
962 507 1161 584 postremum
1184 501 1296 565 saltem
1318 501 1385 582 ipsis
1432 496 1433 519 ³

234 613 417 678 hominibus
440 611 631 696 pepercisse.
675 629 751 674 nam
780 608 942 692 Myrtilum
978 611 1152 675 mulionem
1189 617 1221 674 et
1255 609 1387 693 Hephae-

235 724 371 790 stionem
393 741 502 788 cocum
525 727 556 788 et
578 720 792 804 Hypatarium
814 719 1044 785 cubicularium
1066 730 1099 785 et
1112 720 1315 804 Apollonium
1335 740 1388 784 me·

235 832 351 913 dicum,
382 825 487 920 immo·
501 850 577 896 uero
600 837 631 895 et
652 831 763 924 plures
784 830 867 894 alios
888 849 929 894 ex
951 830 1074 894 familia
1096 831 1228 913 abigere
1249 837 1410 914 temptans

234 950 283 1009 tes
298 943 397 1007 uariis
411 942 570 1006 morsibus
585 936 743 1022 quemque
764 939 936 1021 lacerasse,
959 948 1045 1006 certe
1060 940 1230 1006 uenenatis
1245 940 1388 1005 morsibus

235 1060 383 1118 contacta
403 1071 468 1117 non
490 1052 579 1116 nulla
600 1051 744 1116 iumenta
766 1051 893 1115 efferari
915 1051 980 1114 iam
1003 1051 1102 1116 simili
1124 1051 1224 1116 rabie.
1248 1071 1327 1133 quae
1346 1070 1387 1114 res

235 1164 376 1229 omnium
399 1162 506 1228 statim
528 1162 688 1244 percussit
709 1162 835 1226 animos
856 1160 982 1242 ratique
998 1180 1049 1225 me
1061 1161 1157 1226 etiam
1180 1161 1294 1226 eadem
1314 1173 1387 1244 peste

234 1274 386 1339 intectum
419 1272 553 1337 ferocire
585 1272 724 1355 arreptis
757 1271 912 1352 cuiusque
940 1271 1027 1335 modi
1058 1271 1131 1337 telis
1167 1280 1334 1354 mutuoque
1361 1275 1387 1332 ut

235 1384 368 1450 exitium
391 1401 557 1447 commune
578 1382 774 1466 protelarent
795 1380 953 1445 cohortati
973 1382 1038 1465 ipsi
1067 1383 1175 1466 potius
1197 1381 1308 1447 eodem
1327 1398 1385 1444 uae
1402 1383 1419 1430 q

236 1495 348 1561 saniae
377 1492 487 1556 morbo
515 1492 702 1557 laborantes
731 1498 950 1574 persecuntur.
994 1511 1054 1556 nec
1083 1492 1183 1557 dnbio
1205 1511 1256 1555 me
1282 1489 1387 1555 lanceis

235 1604 300 1670 illis
322 1605 375 1668 uel
397 1603 577 1684 uenabulis,
600 1602 696 1666 immo
719 1620 797 1666 uero
825 1607 857 1666 et
877 1602 1092 1687 bipennibus,
1130 1622 1212 1685 quae
1239 1602 1329 1666 facile
1352 1600 1387 1662 la-

236 1715 314 1780 muli
344 1715 683 1790 subministrauerant,
712 1713 914 1776 membratim
943 1714 1180 1798 compilassent,
1203 1714 1237 1778 ni
1259 1718 1387 1796 respecto

237 1825 333 1892 subiti
356 1824 490 1909 periculi
512 1822 639 1888 turbine
661 1822 858 1904 cubiculum,
881 1824 915 1887 in
943 1843 1006 1905 quo
1034 1824 1098 1890 mei
1120 1823 1241 1888 domini
1263 1823 1388 1887 deuerte-

236 1936 324 2018 bant,
347 1935 494 2019 protinus
515 1932 719 2016 inrupissem.
756 1940 832 1997 tunc
853 1935 971 1999 clausis
993 1935 1214 2017 obseratisque
1237 1916 1328 2016 super
1346 1949 1387 1993 me
1401 1934 1418 1979 e

235 2046 357 2112 loribus
395 2043 588 2110 obsidebant
618 2044 721 2106 locum
750 2043 857 2124 quoad
889 2043 960 2109 sine
992 2044 1057 2109 ullo
1085 2044 1299 2109 concessionis
1325 2059 1389 2107 suae

235 2156 377 2240 periculo
399 2154 605 2238 pestilentiae
626 2153 732 2218 letalis
761 2153 922 2235 peruicaoi
950 2154 1041 2219 rabie
1063 2172 1232 2237 possessus
1254 2173 1291 2218 ac
1311 2171 1387 2236 pere
1435 2180 1436 2239 ς

240 2288 294 2333 sus
317 2266 511 2330 absumerer.
540 2282 602 2344 quo
624 2263 707 2327 facto
729 2263 860 2329 tandem
882 2261 1063 2329 libertatem
1085 2271 1221 2330 nanctus
1243 2261 1389 2330 solitariae
1435 2248 1436 2261 ¹

237 2377 384 2441 fortunae
411 2393 527 2443 munus
556 2375 724 2471 amplexus
762 2394 858 2459 super
886 2381 1081 2440 constratum
1115 2376 1231 2440 lectum
1263 2375 1388 2438 abiectus

237 2488 464 2573 postmultum
487 2484 635 2567 equidem
656 2486 810 2569 temporis
832 2506 979 2551 somnum
1002 2487 1177 2550 humanum
1200 2486 1315 2571 quieui.
1399 2488 1418 2535 'll

169 2597 218 2662 III
323 2597 456 2679 Iamque
478 2596 566 2660 clara
588 2594 640 2659 die
661 2597 795 2660 mollitie
817 2595 953 2661 cubiculi
974 2597 1076 2662 refota
1103 2595 1291 2661 lassitudine
1311 2612 1388 2676 uege-

140 2712 149 2731 ·
237 2714 288 2772 tus
310 2726 431 2789 exurgo
454 2713 551 2790 atque
582 2705 664 2789 illos,
695 2706 749 2787 qui
780 2726 871 2771 meae
907 2708 1027 2771 tutelae
1058 2707 1233 2791 peruigiles
1254 2705 1387 2771 excubias

237 2816 455 2901 agitauerant‚
494 2816 637 2881 ausculto
660 2815 700 2880 de
727 2816 808 2881 meis
831 2818 877 2881 sic
900 2818 1056 2883 altercare
1079 2818 1213 2882 fortunis
1232 2812 1386 2881 ‘adhucne

168 3008 177 3025 .
237 2926 388 2992 miserum
409 2927 504 2991 istum
519 2926 644 2991 asinum
658 2927 725 3010 iugi
747 2927 853 3004 furore
873 2926 987 2991 iactari
1009 2926 1191 3011 credimus?
1219 2928 1314 2991 immo
1327 2941 1387 2991 uero

236 3037 300 3101 iam
323 3038 410 3101 uirus
431 3036 629 3101 inarescente
650 3036 787 3101 saeuitia
807 3058 941 3121 prorsus
964 3032 1156 3103 extinctum?
1180 3038 1226 3102 sic
1247 3026 1417 3121 opinionisb

238 3148 349 3212 uariae
371 3147 540 3211 terminum
563 3146 605 3211 ad
633 3147 886 3230 explorationem
909 3149 1076 3213 conferant
1097 3168 1135 3213 ac
1156 3146 1198 3213 de
1225 3148 1306 3211 rima
1327 3162 1387 3229 qna·

237 3256 312 3321 dam
335 3258 533 3341 prospiciunt
561 3276 676 3323 sanum
703 3277 755 3323 me
788 3263 885 3341 atque
922 3257 1063 3322 sobrium
1094 3258 1194 3323 otiose
1222 3258 1386 3322 consistere.

237 3367 365 3449 iamque
387 3368 469 3430 ultro
492 3366 614 3433 loribus
636 3367 806 3451 patefactis
828 3368 956 3452 plenius
979 3388 1021 3432 an
1049 3368 1113 3432 iam
1135 3369 1196 3434 sim
1227 3363 1387 3432 mansueta-

239 3484 307 3542 ctus
322 3476 551 3560 periclitantur.
574 3477 631 3542 sed
645 3499 727 3545 unus
744 3478 858 3553 exbis
882 3477 922 3544 de
944 3480 1034 3544 caelo
1056 3480 1176 3543 scilicet
1191 3479 1307 3544 missus
1322 3469 1383 3539 mihi

229 3572 410 3671 sospitator
432 3595 653 3669 argumentum
677 3588 895 3671 explorandae
924 3588 1073 3682 sanitatis
1105 3606 1196 3654 meae
1232 3589 1296 3652 tale
1324 3580 1416 3650 com-³⁰

307 3870 322 3919 2
341 3867 479 3921 mcurrrlle
500 3867 532 3937 f:
557 3867 680 3920 incurrul
704 3868 728 3921 le
746 3866 790 3935 Fp
877 3872 892 3921 3
911 3853 1037 3922 eleltronb
1053 3866 1081 3920 F
1161 3872 1177 3920 4
1195 3862 1332 3936 hypatafiir
1346 3859 1383 3925 a,

238 3960 432 4029 Hypaipalinm
449 3961 562 4015 corciecr't
583 3957 793 4070 Oudendorpr'up
877 3965 893 4014 6
911 3976 1007 4029 quamq:
1031 3961 1059 4014 F
1140 3964 1154 4013 'l
1174 3965 1279 4015 ctraeta
1297 3960 1331 4023 F,
1351 3960 1383 4006 οὔ·

238 4085 364 4148 traotap
433 4078 514 4133 effera
531 4083 583 4132 trra
601 4078 679 4132 lrmrlr
694 4079 748 4149 Fp,
771 4096 795 4133 c.
814 4076 925 4133 efferata
948 4078 1009 4132 add.
1029 4081 1056 4133 ia
1074 4096 1159 4150 marq.
1179 4100 1198 4148 q>
1286 4082 1301 4133 9
1318 4069 1383 4131 euius¹

240 4189 291 4241 que
308 4172 379 4227 modi
395 4172 507 4244 scripsi:
526 4173 632 4226 aurulae
649 4172 721 4227 modi
738 4173 767 4227 F
850 4177 879 4226 10
897 4173 1008 4243 berame
1025 4173 1058 4239 F,
1076 4174 1184 4228 berame
1201 4192 1222 4241 φ
1295 4176 1322 4225 lb
1337 4178 1382 4220 con·

238 4264 377 4334 grellionis
395 4266 508 4321 coniecit
527 4267 648 4337 Lepsios,
672 4266 838 4335 contagionis
870 4266 994 4321 Woooias
1082 4270 1111 4320 18
1129 4266 1282 4320 adsumerer
1300 4264 1327 4327 F,
1347 4257 1382 4317 ab

240 4360 390 4429 lumererp
474 4366 506 4415 26
525 4346 709 4430 explaratrond
724 4360 764 4414 F¹
1220 4359 1224 4365 ’
