2934 4900
232 201 295 263 roa
339 161 845 302 ‚.·‚‘·,}{,-·{·33{·3jj.'‡{{stite
865 213 902 265 W

318 367 367 434 Ad
391 366 476 432 huno
499 367 630 432 modum
655 368 884 452 pronuntiante
906 365 1062 435 Mercurio
1090 369 1174 434 tanti
1194 368 1343 453 praemii
1367 386 1415 432 ou-

214 477 310 567 xpido
332 479 478 542 certatim
501 478 642 542 omnium
666 478 846 542 mortalium
870 477 1011 546 studium
1033 479 1215 572 aduexerat
1244 499 1339 563 quae
1364 498 1414 542 res

158 591 161 598 '
233 608 318 656 nune
341 569 393 652 nol
416 587 555 654 maxime
579 588 707 654 sustulit
729 589 873 673 Psyches
895 610 1023 664 ornnem
1045 591 1290 669 annotationem.
1336 590 1415 652 iam·

234 718 295 782 que
317 699 402 768 fores
425 697 494 764 eius
517 697 667 766 dominae
695 699 891 782 proximanti
919 701 1057 765 occurrit
1083 721 1149 766 una
1179 700 1221 765 de
1248 699 1415 764 famulitio

234 808 370 874 Veneris
392 808 522 876 nomine
539 807 745 874 Consuetudo
769 809 942 893 statimque
965 818 1122 894 quantum
1143 811 1283 876 maxime
1305 810 1440 895 pontiti

234 920 393 986 exclamat
412 912 562 982 ‘tandem
585 918 705 988 aneilla
718 920 928 1002 nequissima,
950 921 1117 986 dominam
1131 921 1252 986 habere
1276 928 1311 986 te
1331 922 1414 988 seire

200 1097 207 1115 ι
234 1029 391 1111 coepisti?
414 1047 458 1092 an
480 1047 537 1111 pro
561 1034 669 1094 cetera
691 1048 814 1093 morum
836 1038 962 1095 tuorum
985 1032 1164 1096 temeritato
1178 1030 1266 1096 istud
1281 1052 1414 1115 quoque

233 1140 357 1208 nescire
379 1145 411 1203 te
434 1138 530 1220 fingis
554 1146 692 1222 quantos
713 1140 841 1206 labores
863 1141 949 1206 cirea
969 1148 1042 1208 tuas
1064 1142 1293 1225 inquisitiones
1316 1142 1413 1207 susti-

132 1248 135 1257 '
233 1248 420 1316 nuerimus?
443 1247 501 1313 sed
523 1249 606 1316 bene
628 1249 713 1332 quod
736 1270 825 1315 meas
848 1251 1051 1334 potissimum
1074 1271 1190 1317 manus
1211 1251 1363 1318 incidisti
1384 1258 1414 1315 et

237 1363 320 1428 inter
343 1357 417 1426 Oroi
439 1378 571 1424 cancros
595 1359 659 1422 iam
681 1361 771 1444 ipsos
787 1361 967 1427 adhaesisti
990 1361 1105 1426 datura
1128 1363 1252 1428 seilicet
1266 1369 1411 1426 actutum
1429 1366 1449 1414 1⁰

119 1473 214 1538 llllll
236 1477 345 1538 tautae
367 1469 587 1534 contumaciae
615 1462 753 1553 poenas'
785 1477 817 1534 et
845 1471 1011 1536 audaciter
1038 1472 1072 1536 in
1100 1472 1235 1556 capillos
1258 1473 1332 1536 eius
1357 1471 1411 1534 im-

235 1583 337 1648 missa
359 1598 457 1647 manu
478 1579 627 1644 trahebat
655 1599 725 1644 earu
754 1567 959 1665 nequaquam
987 1583 1188 1668 renitentem.
1226 1601 1323 1665 quam
1357 1580 1411 1645 uhi

236 1693 372 1778 primum
389 1687 551 1757 inductam
568 1690 774 1776 oblatamque
790 1692 853 1758 sibi
870 1693 1037 1776 conspexit
1051 1693 1171 1769 Venus,
1194 1692 1408 1757 laetissimum

238 1803 429 1870 cachinnum
452 1800 575 1865 extollit
597 1807 631 1866 et
653 1803 782 1884 qualem
812 1803 917 1868 solent
938 1803 1142 1886 frequentare
1170 1803 1263 1883 irati,
1296 1809 1410 1887 capnt-

238 1933 300 1998 que
323 1911 471 1993 quatiens
501 1917 532 1974 et
561 1912 731 1994 ascalpens
760 1932 872 1976 aurem
904 1911 1072 1978 dexteram
1102 1905 1267 1977 ‘modam'
1305 1912 1411 1995 inquit
1426 1923 1447 1970 rs

234 2019 387 2106 ‘dignata
409 2040 444 2086 es
467 2040 593 2085 socrum
615 2027 701 2088 tuam
725 2023 891 2089 salutare?
913 2043 956 2088 an
977 2023 1083 2107 potius
1105 2024 1254 2088 maritum
1277 2023 1334 2104 qui
1356 2029 1410 2086 tuo

140 2223 142 2230 ,
237 2135 370 2200 urdnere
393 2130 607 2215 periclitatur,
639 2131 829 2200 internisere
859 2133 1001 2198 uenisti?
1024 2133 1081 2199 sed
1104 2139 1173 2199 esto
1197 2153 1320 2215 secura,
1345 2130 1409 2232 iam

238 2245 323 2310 enim
353 2240 512 2324 excipiam
543 2247 574 2306 te
607 2248 641 2308 ut
673 2243 792 2308 bonam
826 2265 940 2308 nurum
971 2235 1137 2335 condecet'
1163 2251 1195 2308 et
1213 2237 1289 2308 ‘ubi
1319 2249 1394 2309 sunt

236 2353 340 2437 iuquit
359 2345 568 2418 ‘Sollicitudo
584 2359 680 2436 atque
696 2353 867 2434 Tristities,
890 2355 1029 2419 ancillae
1042 2346 1170 2419 meae?'
1196 2354 1312 2435 quibus
1326 2353 1408 2418 intro

239 2464 363 2530 uocatis
386 2462 598 2545 torquendam
614 2463 749 2529 tradidit
770 2484 852 2529 eam.
875 2471 908 2529 at
929 2465 1006 2530 illae
1029 2472 1200 2549 sequentes
1216 2466 1295 2529 erile
1316 2484 1408 2547 prae
1423 2480 1447 2527 ro

239 2579 367 2658 ceptum
389 2572 535 2657 Psychen
557 2575 716 2639 misellam
737 2573 876 2658 flagellis
891 2574 1043 2640 afflictam
1058 2583 1091 2641 et
1105 2576 1220 2641 esteris
1242 2574 1407 2639 tormentis

240 2684 455 2753 excruciatam
478 2684 591 2748 iterum
614 2682 765 2750 dominae
793 2686 978 2769 conspectui
1009 2685 1157 2751 reddunt.
1194 2694 1269 2751 tuno
1297 2705 1406 2749 rursus

239 2796 366 2863 sublato
388 2793 455 2859 risu
478 2794 588 2861 Venus
608 2787 679 2861 ‘set
700 2787 788 2861 eooe’
813 2795 917 2878 inquit
936 2788 1050 2862 ‘nohis
1071 2796 1192 2879 turgidi
1214 2796 1335 2862 uentris
1357 2795 1406 2859 sui

237 2905 398 2973 lenocinio
421 2913 601 2969 eommouet
630 2905 870 2970 miserationem
898 2904 984 2970 unde
1017 2926 1069 2971 me
1100 2908 1270 2990 praeclara
1289 2905 1407 2972 'subole
1422 2902 1453 2968 [n

238 3017 345 3083 aniam
382 3014 511 3081 beatam
545 3015 667 3081 scilieet
699 3015 803 3080 faciet.
841 3015 919 3080 lelix
952 3036 1030 3081 uero
1065 3036 1128 3100 ego
1154 3036 1238 3100 quac
1272 3016 1307 3081 in
1335 3015 1404 3098 ipso
1422 3025 1447 3073 os

238 3126 357 3193 aetatis
377 3143 470 3190 meae
492 3124 570 3191 flore
593 3125 732 3190 uocabor
764 3124 840 3190 auia
868 3133 899 3190 et
926 3126 1003 3192 uilis
1032 3127 1171 3191 ancillae
1201 3128 1287 3192 filius
1307 3143 1405 3211 nepos

239 3234 376 3301 Veneris
408 3232 526 3299 audiet.
565 3254 757 3317 quamquam
789 3235 900 3319 inepta
921 3255 982 3319 ego
1014 3237 1135 3303 trustra
1165 3238 1268 3326 filium
1294 3236 1403 3301 dicam

239 3348 381 3430 impares
413 3344 501 3410 euim
535 3346 667 3429 nuptiae
700 3353 732 3411 et
765 3352 935 3428 praeterea
962 3346 996 3411 in
1020 3348 1098 3413 uilla
1128 3348 1199 3413 sine
1222 3348 1352 3414 testibus
1373 3350 1404 3409 et

238 3462 330 3539 patre
352 3474 417 3520 non
439 3456 660 3521 consentiente
682 3457 785 3521 factae
816 3456 981 3539 legitimae
1002 3477 1068 3521 non
1089 3467 1226 3541 possum
1247 3456 1345 3524 uideri
1366 3472 1403 3517 ao

307 3711 505 3809 ‹liorelston
557 3740 688 3795 famulitio
698 3739 1043 3796 Iahnius:famulrt10neF
1055 3748 1089 3807 et,
1098 3758 1185 3813 supra
1193 3744 1256 3797 add.
1277 3746 1403 3801 oomrtroa,

241 3855 261 3903 ᾳ
315 3834 482 3905 tceprltiF
548 3838 578 3887 10
596 3834 679 3887 habel
694 3834 794 3905 rlter
865 3840 892 3888 tl
913 3837 998 3906 penas
1013 3836 1042 3889 F
1108 3840 1137 3889 12
1156 3823 1328 3904 renitentes.-
1343 3836 1401 3885 retr·

501 3903 632 3944 renitentem

238 3956 320 4025 uenti
338 3970 434 4023 ataid.
453 3970 484 4033 F,
502 3956 671 4038 retinentia
762 3976 791 4023 14
808 3970 981 4040 frequentare
998 3970 1130 4024 Iahnius:
1154 3971 1285 4039 frequent
1302 3967 1357 4023 cdd.
1372 3966 1400 4018 in

227 4050 326 4134 'mara
345 4062 491 4127 lorentF,
519 4061 651 4131 furentur
740 4068 770 4117 lt>
789 4060 900 4118 dextera
918 4098 927 4114 ι
945 4064 976 4128 F,
996 4064 1146 4133 dexterae
1233 4069 1265 4119 23
1291 4058 1399 4117 ralat-

240 4158 317 4209 rn'cs:
335 4154 358 4207 a
376 4156 407 4219 F,
426 4172 516 4223 emp
584 4156 682 4224 turgrdr
701 4186 710 4207 t
728 4157 796 4226 (fnit
813 4158 832 4216 lt
851 4158 882 4220 F,
899 4157 1009 4227 'tgrdrp
1078 4163 1111 4211 24
1130 4158 1260 4228 soboles
1318 4160 1346 4209 25
1360 4152 1398 4205 fu·

241 4254 295 4301 crat
313 4248 356 4315 Fp
450 4254 483 4303 26
500 4266 514 4301 r
532 4265 548 4301 a
565 4250 592 4303 in
611 4250 732 4303 uocabor
755 4265 819 4303 aura
841 4252 891 4315 tito
907 4253 986 4305 etiam
1005 4264 1034 4321 φι
1058 4253 1086 4305 s'n
1104 4268 1159 4305 ros.
1182 4254 1293 4323 scripsit
1316 4260 1401 4303 monus

239 4340 359 4395 secutanda
377 4342 405 4394 ic
422 4340 451 4395 F
532 4346 562 4395 tt
583 4357 735 4411 quanquam
753 4345 778 4394 F
