2934 4900
486 237 559 286 cnr.
582 236 834 285 xxm-axium
1202 221 1242 280 55

69 409 132 454 nec
166 408 256 454 mora
289 407 360 452 cum
396 388 427 452 ui
468 380 636 472 patefactis
677 389 813 456 aedibus
844 390 959 473 globus
992 390 1150 454 latronum
1182 387 1228 451 in·
1249 384 1394 450 XXVIII

68 499 163 564 uadit
186 489 304 564 omnia
317 505 348 564 et
370 499 498 581 singula
519 499 799 575 domusmembra
821 502 921 584 cingit
949 506 1074 565 armata
1095 499 1191 564 iactis
1214 505 1245 564 et

71 611 205 676 auxiliis
233 609 309 674 hinc
350 608 427 674 inde
461 609 707 676 conuolantibus
746 610 874 677 obsistit
906 611 1070 676 discursus
1105 608 1243 674 hostilis.

71 721 179 786 cuncti
201 718 321 804 gladiis
344 726 375 784 et
397 719 520 784 facibus
548 720 695 786 instructi
723 727 849 786 noctem
878 721 1070 802 illuminant,
1099 725 1246 784 coruscat

35 834 105 897 ain
129 830 259 896 modum
282 830 378 894 ortiui
400 829 477 896 solis
500 830 585 914 ignis
608 838 640 896 et
661 851 779 897 mucro.
814 837 889 912 tnnc
911 831 1059 895 horreum
1083 827 1244 914 quoddam
1334 808 1339 819 x

75 943 155 1008 satis
172 940 291 1009 ualidis
305 941 454 1006 claustris
470 941 658 1025 obsaeptum
675 941 932 1025 obseratumque,
956 940 1042 1025 quod
1055 938 1170 1004 mediis
1193 957 1246 1003 ae-

74 1052 170 1118 dibus
194 1051 399 1117 constitutum
422 1051 515 1134 gazis
536 1051 666 1116 Milonis
689 1052 792 1116 iuerat
814 1052 973 1129 refertum,
1004 1050 1168 1116 securibus
1190 1069 1251 1114 ua*

71 1163 149 1229 lidis
171 1161 320 1244 adgressi
343 1160 524 1226 diffindunt.
563 1181 626 1245 quo
648 1162 770 1246 passim
786 1163 910 1227 recluso
925 1168 1009 1226 totas
1031 1180 1109 1245 opes
1122 1158 1246 1224 uehunt

74 1274 257 1356 raptimque
287 1272 465 1337 constrictis
496 1270 631 1338 sarcinis
668 1272 787 1356 singuli
818 1273 1008 1357 partiuntur.
1054 1269 1112 1338 sed
1141 1275 1247 1352 gesta·

21 1393 53 1440 10
74 1386 196 1450 minum
226 1381 338 1448 modus
361 1401 528 1466 numerum
556 1382 746 1465 gerulorum
780 1382 917 1448 excedit.
960 1389 1036 1446 tunc
1064 1380 1248 1465 opulentiae

73 1493 317 1560 nimiae-nimio
340 1493 383 1558 ad
405 1500 566 1558 extremas
595 1498 698 1559 metas
728 1492 857 1557 deducti
884 1513 945 1558 nos
974 1491 1055 1557 duos
1083 1490 1192 1556 asinos
1217 1496 1249 1553 et

73 1626 192 1690 equum
216 1623 319 1669 meum
341 1601 513 1689 productos
537 1623 555 1668 e
578 1603 703 1668 stabulo
727 1609 880 1687 quantum
909 1608 1016 1686 potest
1044 1598 1248 1684 grauioribus

73 1714 213 1782 sarcinis
235 1697 370 1779 onerant
392 1720 424 1778 et
446 1712 540 1778 domo
562 1713 627 1777 iam
649 1732 753 1778 uacua
774 1714 935 1787 minantes
959 1702 1086 1776 ‘naeuus
1116 1710 1249 1792 exigunt

75 1824 257 1910 unoquede
279 1825 374 1888 sociis
396 1823 439 1888 ad
462 1823 701 1907 speculandum,
726 1825 781 1909 qui
804 1823 844 1888 de
865 1822 1016 1888 facinoris
1038 1821 1248 1905 inquisitione

23 1944 52 1991 15
73 1937 256 2011 nuntiaret,
286 1933 396 1999 relicto
419 1954 478 2000 nos
501 1934 616 1999 crebra
638 1933 810 1999 tundentes
832 1953 891 2018 per
912 1934 988 1997 auia
1015 1930 1170 1996 montium
1193 1928 1249 1993 du-

73 2054 152 2114 cunt
174 2045 325 2110 concitos

160 2158 294 2238 Iamque
316 2173 421 2228 rerum
444 2160 605 2218 tantarum
627 2152 771 2237 pondere
793 2159 825 2216 et
846 2151 964 2217 montis
986 2149 1079 2215 ardui
1101 2148 1220 2214 uertice
1240 2145 1400 2210 XXVIIII

73 2275 107 2334 et
130 2267 257 2351 prolixo
281 2267 360 2332 satis
384 2264 498 2330 itinere
527 2263 609 2329 nihil
637 2285 657 2328 a
687 2270 810 2327 mortuo
839 2261 1037 2326 differebam.
1082 2259 1140 2325 sed
1170 2257 1249 2322 mihi

72 2399 148 2446 sero
171 2376 310 2462 quidem,
327 2375 409 2440 serio
425 2381 533 2440 tamen
556 2373 706 2440 subuenit
734 2373 776 2437 ad
792 2371 948 2437 auxilium
970 2371 1066 2434 ciuile
1080 2369 1250 2434 decurrere

23 2490 54 2538 '20
73 2498 106 2556 et
118 2488 309 2573 interposito
321 2486 500 2552 uenerabili
509 2485 666 2571 principis
677 2484 860 2550 nominetot
867 2482 1030 2548 aerumnis
1038 2501 1089 2546 me
1099 2481 1249 2546 liberare.

73 2623 149 2667 cum
165 2599 303 2683 denique
318 2600 382 2663 iam
397 2599 474 2676 luce.
483 2596 663 2662 clarissima
678 2596 783 2663 uicum
805 2594 989 2679 quempiam
1003 2593 1203 2676 frequentem
1219 2597 1250 2654 et

74 2710 233 2778 nundinis
246 2709 404 2775 celebrem
417 2708 674 2793 praeteriremus,
692 2708 774 2773 inter
786 2706 876 2790 ipsas
898 2703 1042 2768 turbelas
1054 2702 1250 2766 Graecorum

7 2816 55 2884 ltu]
75 2821 220 2907 genuino
250 2838 397 2887 sermone
419 2836 536 2883 nomen
559 2823 730 2900 augustum
747 2815 899 2881 Caesaris
921 2814 1073 2878 inuocare
1094 2810 1250 2895 temptaui

74 2941 107 2999 et
147 2932 174 2998 Ο
198 2930 326 3013 quidem
347 2935 470 2994 tantum
494 2926 648 2993 disertum
670 2946 708 2991 ae
730 2925 874 2990 ualidum
897 2922 1070 3002 clamitaui,
1093 2920 1251 3000 reliquum

24 3054 54 3102 25
75 3050 188 3109 autem
212 3039 362 3106 caesaris
385 3058 502 3104 nomen
526 3038 694 3103 enuntiare
717 3057 781 3101 non
797 3034 895 3121 potui.
933 3030 1097 3117 aspernati
1109 3030 1251 3094 latrones

75 3156 252 3219 clamorem
275 3150 432 3249 absonum
448 3170 563 3232 meum,
587 3146 760 3213 caedentes
774 3146 850 3211 hinc
865 3142 941 3209 inde
963 3143 1115 3209 miserum
1130 3139 1251 3205 corium

75 3283 140 3329 nec
163 3244 276 3328 cribris
298 3261 362 3324 iarn
392 3260 541 3325 idoneum
570 3258 764 3341 relinquunt.
809 3255 867 3322 sed
889 3253 1020 3319 tandem
1048 3248 1129 3315 mihi
1150 3248 1253 3332 inopi-

76 3378 193 3440 natam
223 3373 360 3437 salutem
388 3370 532 3456 luppiter
560 3368 615 3435 ille
645 3368 765 3433 tribuit.
815 3388 890 3431 nam
920 3384 991 3430 curn
1020 3364 1138 3427 multas
1160 3359 1253 3423 nillu-

77 3486 133 3551 las
157 3490 188 3547 et
210 3502 303 3548 casas
327 3481 452 3565 amplas
474 3479 695 3563 praeterimus,
720 3477 881 3542 hortulum
912 3472 1071 3559 quendam
1100 3469 1253 3556 prospexi

26 3598 57 3647 3⁰
78 3593 166 3661 satis
188 3611 368 3674 amoenum,
391 3592 426 3655 in
448 3610 510 3674 quo
533 3595 662 3674 praeter
684 3594 806 3654 ceteras
835 3595 946 3670 gratas
976 3583 1130 3650 herbulas
1159 3598 1253 3646 rosae

77 3704 227 3788 uirgines
257 3702 412 3767 matutino
442 3720 513 3766 rore
540 3700 707 3765 florebant.
752 3698 804 3765 his
833 3697 963 3762 inhians
991 3703 1022 3761 et
1053 3712 1111 3775 spe
1140 3690 1254 3756 salutis

88 3932 384 3941 -w

151 4082 328 4151 tort1b1Fp
422 4074 567 4147 tobleptir
586 4078 613 4131 F
694 4081 867 4145 tipatruntur
885 4076 924 4129 F.
943 4079 1133 4144 partiunturp
1226 4077 1256 4123 10

80 4175 236 4244 gerulorum
252 4176 336 4246 culpo
418 4177 444 4225 tl
466 4187 547 4242 mmre
565 4185 646 4225 mmro
664 4172 703 4225 ric
720 4171 748 4223 F
832 4174 861 4223 18
880 4168 961 4222 mehrl
978 4168 1007 4221 F
1091 4170 1120 4218 19
1139 4165 1205 4219 terro
1224 4164 1256 4229 F,

85 4268 178 4322 sedulo
196 4266 258 4321 add.
271 4267 297 4321 F
311 4268 339 4321 in
357 4283 455 4337 marg„
474 4265 562 4321 iedulo
582 4286 601 4334 φ
670 4263 759 4332 crurlc]
778 4263 865 4318 cubile
882 4263 926 4331 Fr>
996 4264 1027 4313 2⁶2
1045 4258 1139 4313 ‘theles
1153 4258 1194 4312 sic
1211 4257 1256 4326 Fp

89 4366 122 4414 23
145 4356 260 4429 augustii
278 4379 311 4429 p:
330 4355 444 4428 angultir
462 4360 489 4413 F
571 4363 603 4411 30
621 4357 748 4412 herbolas
763 4366 793 4409 at
811 4356 864 4410 uid.
884 4356 924 4420 F,
942 4352 1068 4433 herbulas
1084 4372 1103 4419 φ
1151 4403 1155 4409 .
