2934 4900
473 243 545 290 oar.
570 242 712 322 uiu-xi
1158 218 1217 290 1'03

53 410 108 474 per
134 391 194 454 hoc
216 393 346 476 spurius
367 394 429 460 iste
451 401 612 476 nascetur,
647 394 674 460 si
703 400 812 459 tamen
838 400 966 478 partum
999 395 1129 459 omnino
1155 396 1225 479 per-

53 501 135 566 ferre
159 508 190 566 te
211 497 397 586 patiemur.'

136 613 196 678 His
220 612 318 680 editis
345 615 470 680 inuolat
485 635 556 681 eam
579 622 767 698 uestemque
788 615 988 700 plurifariam
1004 614 1152 680 diloricat
1172 633 1226 678 ea·
1246 611 1279 676 X
1305 620 1307 625 '

54 723 196 807 pilloque
219 723 356 790 discisso
378 732 411 792 et
434 728 539 811 capite
570 732 786 810 conquassato
813 727 957 808 grauiter
985 725 1100 808 affligit
1122 730 1153 790 et
1175 743 1226 788 ac-

27 841 144 918 soepto
180 835 339 904 frumento
369 842 401 900 et
428 836 549 902 hordeo
579 845 609 902 et
636 837 725 901 milio
755 843 788 902 et
822 855 987 921 papauere
1016 842 1050 901 et
1071 835 1172 900 eicere
1195 841 1227 900 et

55 947 139 1008 lente
163 951 194 1008 et
215 943 292 1008 faba
314 947 560 1031 commixtisque
589 947 764 1012 aceruatim
796 947 938 1013 confusis
965 947 999 1011 in
1027 967 1126 1011 unuin
1154 965 1227 1029 gru·

55 1055 173 1118 mulum
198 1054 244 1119 sio
266 1054 309 1119 ad
332 1057 420 1122 illam
447 1052 589 1124 ‘uideris
617 1058 703 1122 enim
733 1057 813 1122 mihi
845 1064 912 1122 tarn
934 1057 1086 1122 deformis
1107 1057 1228 1120 ancilla

56 1165 141 1228 nullo
164 1164 229 1228 alio
254 1166 311 1231 sed
334 1174 458 1234 tantuin
482 1169 595 1234 sedulo
609 1157 797 1235 ¹ministerio
819 1173 981 1234 amatores
1001 1175 1074 1234 tuos
1102 1185 1227 1251 prome·
1323 1172 1325 1178 '

57 1282 125 1362 reri,
150 1284 216 1347 iani
240 1302 316 1364 ergo
340 1287 371 1344 et
393 1279 467 1364 ipsa
488 1281 610 1364 frugem
633 1287 721 1344 tuam
752 1279 967 1363 periclitabor.
1002 1269 1149 1344 discerne
1178 1297 1227 1342 se

18 1399 43 1448 tl
58 1394 175 1458 minum
201 1393 336 1460 istorum
367 1390 533 1474 passiuam
566 1391 748 1473 congeriem
784 1390 984 1472 singulisque
1019 1388 1131 1472 granis
1166 1387 1228 1452 rite

59 1503 223 1594 dispositis
247 1509 345 1585 atque
368 1501 523 1582 seiugatis
547 1507 621 1564 ante
645 1501 741 1584 istam
756 1520 928 1585 uesperam
943 1519 1026 1583 opus
1041 1496 1227 1580 expeditum

58 1615 233 1698 approbato
256 1603 360 1677 milri'

139 1724 194 1790 Sic
217 1723 386 1806 assignato
407 1727 567 1785 tantorum
591 1721 750 1786 seminum
780 1722 906 1786 cumulo
935 1719 1008 1804 ipsa
1028 1737 1128 1783 cenae
1149 1717 1228 1782 nub-

58 1835 123 1898 tiali
147 1834 316 1900 concessit.
346 1851 407 1898 neo
428 1830 554 1915 Psyche
576 1852 690 1898 manus
713 1831 885 1896 admolitur
906 1829 1095 1894 inconditae
1123 1829 1173 1892 illi
1196 1833 1229 1893 et
1311 1831 1314 1834 ’

20 1957 43 2006 rt
58 1945 270 2012 inextricabili
292 1943 368 2008 moli
398 1942 455 2008 scd
484 1939 684 2007 immanitate
706 1943 871 2027 praecepti
893 1946 1099 2006 consternata
1127 1939 1228 2004 silens

59 2056 263 2140 obstupescit.
306 2060 382 2118 tuno
410 2053 577 2117 formicula
606 2052 663 2116 illa
690 2054 828 2136 paruula
856 2059 953 2135 atquc
980 2050 1120 2114 ruricola
1140 2054 1230 2112 certa

60 2165 254 2231 difficultatis
276 2171 386 2230 tantae
408 2164 594 2247 laborisque
624 2163 757 2228 miserta
778 2161 1019 2228 contubernalis
1040 2158 1153 2242 magni
1174 2157 1229 2222 dei

61 2295 230 2360 socrusque
254 2275 424 2341 saeuitiam
441 2279 591 2338 execrata
606 2273 790 2359 discurrens
812 2274 939 2338 nauiter
953 2275 1109 2335 conuocat
1125 2288 1229 2333 corro-

60 2394 173 2471 gatque
207 2392 353 2469 cunctam
391 2385 593 2448 formicarum
630 2387 809 2451 accolarum
843 2386 982 2451 classem
1013 2374 1230 2445 ‘miseremini

21 2510 45 2561 io
61 2504 161 2563 terrae
177 2496 412 2580 omniparentis
428 2496 530 2579 agiles
546 2496 708 2572 alumnae,
725 2496 923 2563 miseremini
939 2499 970 2560 et
984 2489 1228 2569 Amoris-uxori,

60 2609 182 2688 puellae
219 2606 367 2691 lepidae,
404 2607 600 2689 periclitanti
631 2615 798 2691 prompta·
819 2609 990 2672 uelocitate
1027 2600 1227 2685 succurrite..’

61 2726 151 2782 ruunt
172 2718 258 2782 aliae
281 2734 440 2801 superque
462 2717 546 2782 aliae
570 2716 724 2802 sepedum
747 2719 937 2802 populorum
960 2719 1067 2786 undae
1089 2738 1226 2785 summo·

62 2848 117 2909 que
140 2828 246 2895 studio
270 2827 417 2910 singulae
438 2827 598 2909 granatim
621 2834 721 2891 totuin
745 2828 893 2911 digerunt
921 2848 1071 2895 aceruum
1094 2847 1226 2912 separa·

62 2938 177 3023 timque
200 2938 380 3004 distributis
403 2936 590 3020 dissitisque
612 2938 788 3021 generibus
810 2958 828 3004 e
850 2947 1025 3023 conspectu
1053 2940 1227 3024 perniciter

23 3052 47 3103 25
64 3049 187 3114 abeunt.

142 3158 208 3225 Sed
230 3158 322 3223 initio
345 3159 447 3223 noctis
472 3178 488 3221 e
512 3158 660 3222 conuiuio
689 3158 826 3242 nuptiali
848 3159 924 3223 uino
945 3159 1081 3225 madens
1104 3165 1136 3223 et
1167 3159 1228 3223 fra·
1248 3159 1299 3225 XI

64 3288 157 3348 grans
180 3269 328 3334 balsama
349 3269 458 3333 Venus
481 3275 603 3333 remeat
631 3275 796 3354 totumque
828 3251 981 3335 reuincta
1001 3290 1126 3355 eorpus
1146 3269 1229 3336 rosis

64 3380 251 3445 micantibus
275 3378 410 3462 uisaque
434 3360 604 3461 diligentia
626 3380 699 3444 miri
727 3380 849 3447 laboris
869 3373 951 3446 ‘non
980 3372 1093 3461 tuum,'
1124 3379 1231 3464 inquit

66 3566 72 3569 -
81 3568 87 3570 -
95 3568 280 3575 w---..-
302 3570 362 3575 -..υ-

127 3665 405 3733 tueftomq3u1r',
430 3664 598 3737 cettetqp
685 3670 857 3737 tuquailato
875 3698 885 3720 t
903 3668 970 3737 (fuit
987 3669 1006 3731 l)
1022 3666 1054 3732 F,
1073 3666 1230 3735 aequassem

65 3776 82 3824 c*
165 3755 256 3829 9ipla
273 3759 305 3823 F,
323 3759 417 3827 lpffip)
504 3760 653 3817 discernere
671 3762 715 3831 Fp
809 3768 840 3818 13
859 3776 943 3832 cenae
968 3765 1010 3826 (ae
1028 3779 1055 3826 ¹o
1075 3778 1123 3832 pr.
1148 3776 1232 3814 manu

65 3867 129 3905 corr.
154 3869 191 3907 coc
214 3856 241 3917 a)
260 3852 303 3921 Fp
364 3853 500 3959 npiiptialif
516 3870 585 3908 corr.
612 3872 650 3909 ex
666 3856 796 3909 nubtialil
818 3858 846 3911 in
864 3857 893 3910 F
975 3860 1007 3909 14
1024 3871 1074 3909 nec
1098 3873 1133 3923 p:
1158 3868 1192 3906 ne
1209 3853 1236 3905 F

68 3974 93 4022 15
111 3978 189 4025 coint*
206 3976 271 4025 nata
288 3972 320 4037 F,
339 3988 416 4041 conii
434 3978 536 4041 natae
626 3980 654 4028 lt
673 3974 791 4029 ruricola
807 3995 842 4044 p:
859 3975 1019 4029 runculaF
1083 3979 1158 4027 certa
1173 3976 1232 4026 tuin

68 4061 283 4135 Oiideadorpc'us:
310 4071 413 4120 certata
430 4066 474 4133 qu
494 4079 534 4120 te.
553 4066 652 4121 ccrerrl
666 4083 752 4140 supra
769 4068 833 4123 add.
851 4070 880 4122 r‘n
897 4072 939 4138 φ),
956 4073 1031 4121 certa
1047 4067 1101 4120 iam
1118 4066 1234 4119 cocant

67 4154 232 4221 Steroccdius,
251 4159 374 4211 certatim
391 4158 524 4225 Wossc'as,
541 4160 652 4214 cordata
669 4161 878 4216 Hildcbraodr'us
947 4166 978 4215 18
997 4164 1123 4215 execrata
1137 4157 1232 4226 32⁸ch

68 4253 97 4303 ib
113 4266 195 4305 amoii
213 4282 223 4303 ι
240 4251 307 4322 (fait
326 4253 346 4317 l)
364 4252 402 4316 F,
427 4252 525 4307 amorii
540 4254 562 4317 tf
578 4253 641 4308 adol.
659 4269 757 4307 munus
773 4255 938 4323 secundario
1024 4256 1057 4306 22
1076 4252 1137 4321 sepe
1154 4247 1191 4305 dd
1208 4251 1238 4303 F

67 4370 96 4421 iu
112 4370 224 4439 nuptiali
242 4401 252 4422 .
269 4371 338 4442 (suit
355 4372 375 4437 l)
394 4372 425 4437 F,
443 4372 557 4441 nuptiali
576 4392 595 4441 p
664 4336 769 4443 flagrant
783 4373 811 4428 F
