2934 4900
591 253 663 306 cnr.
687 259 789 305 vr—rr
860 209 866 225 ⁶
1040 277 1045 288 ·
1212 243 1270 307 187

66 402 70 409 ’
107 429 235 477 monem
257 408 506 502 congruentibus
529 429 570 475 ex
591 430 678 477 more
699 417 856 498 perpetuo
876 410 911 475 in
932 430 1045 509 urnam
1068 430 1196 479 aeream
1218 410 1271 477 de-

107 523 221 588 berent
242 521 354 604 conici,
377 541 439 605 quo
461 521 561 587 semel
582 520 720 587 conditis
743 521 874 587 calculis
896 521 960 587 iarn
983 540 1054 586 eum
1075 522 1123 587 rei
1145 522 1272 589 fortuna

108 638 269 698 transacto
290 631 374 697 nihil
394 636 509 715 postea
524 631 710 697 commutari
732 632 851 696 licebat
873 630 931 697 sed
952 630 1196 716 mancipabatur
1216 654 1270 718 00-

103 749 207 809 testas
236 741 351 826 capitis
379 741 414 806 in
444 762 573 807 manum
602 740 772 823 carnificis,
795 762 878 809 unus
901 760 919 806 e
941 741 1030 806 curia
1058 742 1165 807 senior
1179 763 1270 827 prae

68 853 220 919 sceleris
242 858 425 937 compertae
451 851 528 918 fidei
546 858 658 937 atque
680 851 878 923 auctoritatis
906 852 1100 936 praecipuae
1128 852 1269 919 medicus

104 964 259 1029 orificium
274 982 376 1027 urnae
391 980 488 1028 manu
498 968 671 1046 contegens
686 962 801 1045 nequis
816 962 955 1027 mitteret
969 962 1124 1027 calculum
1139 970 1269 1047 temere,

104 1074 186 1141 haec
207 1072 251 1139 ad
272 1071 418 1138 ordinem
440 1072 570 1156 pertulit

186 1178 294 1260 ‘Quod
316 1182 432 1248 aetatis
456 1203 536 1265 sum,
566 1162 660 1247 uobis
682 1180 898 1266 adprobatum
919 1202 970 1247 me
992 1183 1113 1249 uixisse
1134 1181 1270 1267 gaudeo,

101 1313 163 1360 nec
184 1294 292 1378 patiar
312 1293 405 1359 falsis
427 1292 615 1358 criminibus
637 1292 737 1375 petito
759 1311 818 1357 reo
837 1292 1041 1359 manifestum
1064 1292 1270 1358 homicidium

51 1411 82 1459 10
102 1402 292 1489 perpetrari,
313 1422 373 1471 nec
388 1422 447 1469 uos
462 1403 517 1485 qui
539 1402 609 1467 iure
632 1401 768 1467 iurando
784 1401 928 1468 adstricti
950 1401 1100 1469 iudicatis
1123 1402 1270 1470 inductos

102 1514 224 1580 seruuli
246 1513 413 1580 mendacio
435 1513 592 1597 peierare.
628 1513 698 1597 ipsc
719 1532 784 1576 non
806 1533 937 1598 possum
960 1514 1084 1578 calcata
1104 1514 1271 1579 numinum

101 1625 259 1708 religione
295 1624 525 1704 conscientiam
553 1642 658 1689 meam
694 1622 810 1690 fallens
848 1616 1016 1708 perperam
1053 1624 1270 1708 pronuntiare.

103 1743 237 1819 ergout
257 1755 310 1801 res
333 1742 392 1815 est,
415 1732 456 1799 de
478 1752 529 1799 me
550 1734 743 1817 cognoscite.

187 1845 333 1910 Furcifer
354 1845 426 1926 iste,
451 1862 611 1909 uenenum
632 1843 889 1928 praesentarium
903 1848 1089 1927 comparare
1111 1844 1267 1911 sollicitus
1291 1847 1384 1915 VIIII

52 1969 81 2018 15
102 1962 293 2039 centumque
317 1974 433 2020 aureos
454 1952 726 2021 solidosofferens
749 1954 897 2038 pretium,
920 1972 971 2018 me
987 1974 1051 2018 non
1067 1954 1143 2018 olim
1159 1974 1270 2020 000000-
1299 1953 1302 1965 “

101 2071 203 2146 nerat,
237 2064 321 2149 quod
354 2062 639 2148 aegroto-cuidam
675 2063 802 2128 dicebat
838 2063 1056 2129 necessarium
1086 2065 1139 2148 qui
1166 2064 1271 2128 morbi

101 2174 335 2241 inextricabilis
356 2181 489 2240 ueterno
511 2173 720 2241 uehementer
741 2173 926 2259 implicatus
949 2174 1036 2239 uitae
1059 2193 1094 2239 se
1116 2174 1270 2239 cruciatui

101 2284 293 2351 subtrahere
314 2286 455 2369 gestiret.
499 2290 533 2350 at
555 2304 615 2368 ego
637 2284 838 2367 perspiciens
861 2284 980 2348 malum
1002 2283 1098 2349 istum
1114 2284 1271 2349 ‘uerbere-

101 2413 176 2460 nem
199 2394 410 2461 blaterantem
432 2399 528 2479 atque
550 2394 740 2460 inconcinne
763 2393 1002 2486 causificantem
1018 2401 1187 2479 certusque
1209 2394 1270 2459 ali-

50 2517 81 2566 00
104 2504 190 2590 quod
211 2507 317 2571 moliri
338 2505 508 2590 flagitium,
531 2505 608 2571 dedi
624 2506 753 2589 quidem
768 2506 940 2590 potionem,
965 2505 1054 2588 dedi3
1072 2505 1129 2571 sed
1146 2505 1271 2570 futurae

16 2607 82 2676 [243]
103 2616 287 2702 quaestioni
318 2635 519 2702 praecauens
550 2637 615 2681 non
652 2615 760 2682 statim
796 2617 935 2701 pretium
965 2615 1049 2699 quod
1078 2615 1271 2681 offerebatur

100 2728 221 2811 accepi.
263 2721 336 2793 ‘sed
356 2745 397 2792 ne
419 2727 500 2791 forte
521 2717 647 2810 aliquis'
671 2727 802 2810 inquam
823 2719 969 2791 ‘istorum
993 2745 1072 2809 quos
1095 2725 1190 2791 offers
1214 2745 1267 2790 au·

101 2857 229 2904 reorum
250 2842 389 2918 nequam
411 2836 464 2902 uel
486 2835 612 2902 adulter
633 2836 852 2920 repperiatur,
889 2837 923 2900 in
951 2834 1012 2900 hec
1040 2836 1111 2920 ipso
1142 2837 1269 2900 sacculo
1325 2863 1329 2876 ·

101 2946 249 3014 conditos
272 2966 327 3012 000
349 2947 446 3011 anulo
468 2952 522 3012 tuo
553 2953 709 3032 praenota
731 2945 834 3010 donec
856 2947 959 3010 altera
981 2945 1034 3011 die
1056 2945 1274 3010 nummulario

47 3070 79 3120 25
100 3063 274 3142 praesente
295 3049 558 3142 comprobentur.²
589 3057 635 3124 sic
658 3055 806 3120 inductus
823 3056 965 3139 signauit
980 3056 1149 3140 pecuniam
1173 3075 1269 3139 quarn

101 3167 231 3248 exinde,
253 3173 288 3232 ut
309 3167 370 3234 iste
385 3172 649 3250 repraesentatus
665 3174 715 3232 000
729 3166 858 3246 iudicio,
881 3165 962 3231 iussi
978 3164 1018 3230 de
1034 3166 1114 3231 meis
1130 3166 1269 3250 aliquem

100 3277 416 3343 curriculotaberna
438 3284 619 3362 promptam
641 3277 768 3343 adferre
784 3281 815 3342 et
830 3297 870 3342 cn
887 3295 960 3341 0000
982 3277 1137 3360 perlatam
1161 3297 1268 3342 coram

99 3387 248 3454 exhibeo.
293 3386 402 3453 uideat
433 3395 465 3452 ct
501 3409 592 3454 suum
630 3388 770 3476 sigillum
806 3393 1023 3470 recognoscat.
1068 3408 1144 3453 narn
1175 3407 1269 3471 quem

100 3497 294 3564 admodum
317 3499 387 3563 eius
409 3498 527 3563 ueneni
549 3499 648 3564 irater
668 3498 848 3564 insimulari
870 3502 976 3580 potest
997 3497 1082 3579 quod
1105 3499 1165 3563 iste
1187 3517 1270 3562 com·

47 3616 80 3665 30
100 3605 299 3692 parauerit?'
760 3603 761 3622 ¹

185 3720 303 3801 Ingens
326 3717 444 3784 exinde
465 3718 674 3784 uerberoncm
697 3717 827 3801 corripit
855 3717 1027 3802 trepidatio
1049 3719 1136 3782 etin
1157 3719 1261 3784 uicem
1285 3727 1317 3791 Χ

106 3829 241 3894 humani
255 3828 371 3894 coloris
384 3827 525 3895 succedit
545 3828 650 3914 pallor
664 3828 809 3894 infernus
823 3847 942 3913 perque
958 3828 1111 3894 uniuersa
1128 3828 1271 3894 membra

1270 3923 1284 3948 ,

129 4084 268 4166 'terei
284 4088 316 4153 F,
336 4082 434 4155 erebo
522 4090 686 4156 2000001700
773 4089 888 4142 {turchil
905 4090 930 4140 Ε
1022 4088 1118 4142 bilder
1134 4089 1166 4158 s:
1184 4088 1230 4142 fidi
1248 4089 1276 4143 F

105 4187 119 4234 7
139 4172 207 4235 ornei
223 4181 259 4234 F¹
328 4184 343 4234 8
361 4176 493 4248 adpbatri.
511 4181 542 4245 F,
560 4177 683 4250 appbatd
701 4202 721 4250 φ
742 4177 749 4227 .'
788 4181 859 4250 quod
878 4182 981 4237 adhoc
999 4183 1097 4236 aetatis
1117 4197 1176 4238 sum
1193 4183 1271 4236 uobis

103 4275 270 4342 approbatus
288 4275 403 4328 corriecit
420 4272 553 4328 Pricaeus
620 4274 713 4328 drxrlie
730 4275 774 4342 Ilp
860 4279 875 4329 e
894 4280 977 4344 petito
1001 4291 1045 4329 000
1064 4275 1096 4345 f:
1119 4280 1220 4345 petitor
1239 4291 1270 4329 eo

111 4365 307 4436 peraratas*
372 4371 403 4420 14
421 4366 531 4423 0000οῐ00
542 4366 574 4432 F,
590 4366 713 4422 Furcifer
722 4367 760 4436 fe
831 4367 1023 4438 amphoras
1087 4372 1119 4422 28
1139 4369 1233 4423 exibeo
1248 4369 1276 4422 Id
