2934 4900
215 184 256 245 40
545 263 549 276 Ι
735 197 827 243 nram
850 197 888 243 111

217 351 274 416 tim
282 349 383 414 lorum
392 349 596 431 mediumque
608 349 922 415 tribunaladstituor.
951 349 1079 431 iamque
1087 349 1225 416 sublimo
1233 356 1395 432 suggestu

218 459 458 544 magistratibus
482 459 709 542 residentibus,
728 461 793 525 iam
812 479 973 546 praecone
994 459 1122 544 publico
1141 459 1304 525 silentium
1324 460 1398 524 cla·

216 579 324 638 mante
332 575 463 656 repente
469 570 573 636 cuncti
587 589 728 637 consona
737 590 814 636 uoce
825 570 1113 656 flagitantpropter
1127 577 1236 637 coetus
1250 570 1395 635 multitu-

132 665 133 670 *
217 681 335 766 dinem,
359 701 441 766 quae
462 701 635 765 pressurae
658 681 760 746 nimia
781 681 942 749 densitate
963 681 1213 767 periclitaretur,
1235 679 1398 745 iudicium

217 799 342 860 tantum
365 791 489 857 theatro
505 790 701 857 redderetur.
739 811 798 857 nec
820 802 996 858 moratum
1018 792 1141 876 passim
1155 792 1294 876 populus
1317 807 1428 876 pro-5

218 922 349 968 currens
377 921 496 969 caueae
525 909 732 987 consaeptum
767 903 850 968 mira
878 902 1042 967 celeritate
1071 901 1246 985 conpleuit,
1281 900 1398 966 aditus

219 1014 316 1079 etiam
332 1047 334 1054 ι
348 1018 388 1078 et·
406 991 522 1078 tectum
552 1033 645 1078 omne
675 1013 782 1077 fartim
811 1014 1020 1096 stipauerant.
1056 1013 1202 1097 plerique
1232 1011 1397 1076 columnis

219 1123 363 1208 implexi,
387 1123 443 1188 alii
466 1122 580 1190 statuis
602 1121 787 1208 dependuli‚
811 1143 876 1188 uon
897 1125 978 1188 nulli
1000 1142 1058 1207 per
1072 1123 1232 1188 fenestras
1254 1127 1286 1185 et
1307 1122 1399 1186 lacu-

217 1234 311 1302 naria
333 1233 599 1318 'semiconspicui,
635 1233 715 1298 miro
744 1241 852 1299 tamen
880 1252 991 1300 omnes
1021 1233 1127 1299 studio
1156 1232 1283 1299 uisendi
1311 1231 1400 1316 peri-

220 1345 292 1410 oula
315 1343 428 1409 salutis
455 1345 676 1428 neclegebant.
713 1350 789 1410 tunc
821 1331 873 1409 me
904 1363 962 1428 per
990 1344 1217 1432 proscaenium
1250 1341 1399 1407 medium
1417 1352 1442 1399 ro

220 1456 308 1536 uelut
337 1453 499 1538 quandam
529 1453 691 1520 uictimam
719 1454 850 1542 publica
879 1453 1057 1524 ministeria
1084 1452 1263 1538 perducunt
1286 1458 1326 1516 'et
1348 1473 1401 1516 or-

156 1559 204 1623 llI
227 1565 374 1630 chestrae
403 1564 529 1630 mediae
557 1565 686 1648 sistunt,
728 1565 775 1631 sic
797 1585 922 1631 rursum
954 1564 1124 1649 praeconis
1156 1563 1263 1648 amplo
1294 1562 1402 1627 boatu

221 1675 337 1742 citatus
352 1681 520 1741 accusator
538 1675 669 1759 quidam
693 1677 802 1743 senior
824 1675 969 1758 exsurgit
990 1681 1022 1740 et
1044 1675 1085 1740 ad
1108 1673 1237 1739 dicendi
1253 1673 1401 1758 spatium

221 1786 354 1851 uasculo
382 1776 521 1869 quodam
549 1786 584 1850 in
612 1786 716 1852 uicem
745 1787 806 1850 coli
834 1786 995 1870 graciliter
1022 1785 1163 1851 fistulato
1192 1803 1231 1850 ac
1251 1803 1312 1868 per
1335 1783 1401 1847 hoc

222 1895 370 1978 guttatim
394 1875 499 1961 defluo
521 1880 628 1962 inlusa
651 1916 737 1980 aqua
758 1897 913 1982 populum
935 1897 982 1962 sic
1003 1893 1116 1960 adorat
1419 1895 1441 1941 ¹³

303 1998 430 2090 ‘Neque
458 2025 560 2089 parua
589 2027 642 2072 res
675 2026 714 2071 ac
746 2007 920 2092 praecipue
948 2026 1060 2091 pacem
1089 2005 1230 2071 ciuitatis
1260 2005 1401 2069 cunctae

220 2116 400 2200 respiciens
423 2121 454 2180 et
476 2117 623 2200 exemplo
646 2117 729 2183 serio
758 2118 925 2202 profutura
953 2123 1121 2198 tractatur,
1151 2114 1291 2202 Quirites
1320 2135 1402 2180 san·

222 2225 369 2292 ctissimi.
408 2245 506 2308 quare
529 2226 634 2310 magis
657 2227 804 2312 congruit
825 2227 937 2294 sedulo
954 2227 1097 2312 singulos
1113 2232 1209 2308 atque
1225 2225 1401 2292 uniuersos

202 2356 280 2428 Auos
308 2354 366 2418 pro
397 2334 553 2419 dignitate
580 2337 710 2422 publica
738 2336 909 2422 prouidere
937 2357 979 2403 ne
1001 2337 1142 2402 nefarius
1164 2335 1329 2400 homicida
1354 2343 1401 2400 tot

222 2445 370 2511 caedium
392 2447 556 2513 lanienam
579 2469 676 2533 quam
698 2456 845 2514 cruenter
867 2450 1024 2529 exercuit,
1045 2448 1167 2533 inpune
1188 2445 1400 2513 commiserit.
1417 2450 1441 2499 20

221 2575 282 2623 nec
310 2578 360 2623 me
389 2557 509 2642 putetis
537 2558 672 2643 priuatis
703 2558 920 2625 simultatibus
946 2559 1135 2625 instinctum
1164 2557 1237 2623 odio
1263 2560 1400 2648 proprio

223 2667 359 2733 saeuire.
397 2688 467 2734 sum
497 2688 637 2754 namque
665 2676 842 2735 nocturnae
872 2668 1037 2735 custodiae
1065 2666 1246 2754 praelectus
1274 2669 1401 2733 necin

220 2776 411 2843 hodiernum
434 2776 530 2845 credo
553 2798 746 2861 quemqnam
766 2779 958 2865 peruigilem
980 2779 1181 2863 diligentiam
1202 2798 1308 2843 meam
1334 2781 1401 2843 cul-

172 2948 174 2955 ,
221 2874 301 2972 pare
323 2907 429 2972 posse.
464 2909 533 2955 rem
555 2888 694 2973 denique
716 2890 822 2975 ipsam
846 2896 877 2955 et
898 2909 980 2974 quae
1002 2896 1095 2956 nocte
1110 2896 1206 2973 gesta
1227 2894 1303 2954 sunt
1325 2908 1398 2953 cum

223 2998 287 3064 fide
309 2999 479 3083 proteram.
517 3020 592 3065 nam
615 3019 686 3065 oum
708 3001 775 3091 lere
797 3001 863 3065 iam
884 3002 980 3066 tertia
1001 3000 1115 3084 uigilia
1137 3000 1330 3083 scrupulosa
1353 3000 1399 3063 di·
1414 2994 1438 3043 25

222 3109 357 3191 ligentia
378 3116 512 3175 cunctae
533 3110 672 3177 ciuitatis
705 3110 844 3177 ostiatim
873 3112 1000 3193 singula
1022 3109 1232 3175 considerans
1260 3108 1398 3174 circum·

222 3218 320 3300 irem,
359 3219 521 3303 conspicio
555 3220 651 3285 istum
687 3220 944 3287 crudelissimum
979 3222 1127 3287 iuuenem
1162 3224 1316 3285 mucrone
1347 3220 1399 3285 de-

294 3499 304 3546 1
324 3496 492 3564 mediumque
508 3498 608 3567 scrzjosi
614 3518 621 3547 :
652 3496 759 3566 crusque
783 3498 815 3562 F,
842 3504 869 3551 et
893 3498 977 3566 usque
993 3497 1108 3553 coniecit
1123 3496 1285 3568 Scioppius,
1313 3497 1399 3565 utque

224 3584 395 3655 Steueclu'us,
414 3605 477 3644 reus
495 3597 576 3659 atque
593 3590 724 3645 Heinsius
800 3591 911 3645 sublimo
929 3592 969 3645 sic
985 3590 1015 3643 F
1091 3595 1100 3642 1
1121 3590 1248 3658 luglgeltu
1265 3591 1359 3661 (prior
1382 3606 1399 3657 g

224 3695 293 3733 corr.
312 3698 349 3735 eu
366 3682 399 3751 b;
417 3700 504 3755 supra
527 3701 546 3738 u
563 3700 643 3738 crasa
661 3684 761 3737 lineola
778 3700 804 3736 m
822 3684 990 3755 signeficans)
1009 3684 1046 3749 F,
1066 3684 1186 3751 suggestu
1204 3702 1223 3751 φ
1301 3687 1318 3737 3
1339 3698 1396 3752 ceu

223 3771 251 3826 F
315 3776 419 3845 tcum]
443 3755 476 3831 cd
505 3777 549 3847 Fp
636 3773 798 3846 tconleptd
814 3778 844 3832 F
923 3765 1095 3831 8‘lacubar1a
1122 3782 1153 3829 ut
1177 3776 1233 3829 uid.
1250 3775 1293 3840 F,
1321 3778 1398 3830 laeu-

223 3880 299 3920 narra
324 3887 343 3936 φ
452 3874 482 3924 10
520 3870 641 3925 salutaris
673 3870 732 3939 Fp,
761 3870 889 3924 salutaria
920 3872 1034 3925 coniecit
1058 3868 1274 3925 Hildebraudr'us
1369 3871 1394 3923 tu

223 3956 332 4027 ploemd
349 3961 458 4017 uidetur
483 3976 497 4032 e
516 3964 647 4035 primitus
669 3963 759 4033 fuisse
782 3964 859 4029 inF,
882 3965 1057 4033 picentump
1100 4022 1102 4026 y
1154 3968 1180 4016 ll
1200 3961 1324 4031 pducunt
1342 3963 1395 4031 Fu

229 4056 256 4105 14
274 4052 421 4127 basculos
502 4060 533 4111 19
551 4062 593 4109 tot
619 4056 740 4111 caedium
767 4057 938 4111 Beroaldus:
964 4061 1022 4110 tota
1049 4052 1110 4127 edu'r
1136 4056 1168 4120 F,
1199 4061 1257 4109 tota
1286 4056 1350 4109 edru
1377 4074 1395 4123 φ

224 4148 256 4197 20
275 4131 447 4202 edmmrllemt
466 4149 493 4203 F
575 4151 606 4201 25
624 4145 703 4217 plera
720 4169 755 4220 p:
778 4145 857 4221 plera
879 4150 908 4203 F
993 4154 1026 4207 26
1044 4155 1141 4219 cuncte
1166 4150 1285 4203 ciuitatis
1306 4150 1347 4203 sic
1364 4148 1395 4211 F⁷

225 4244 320 4291 cuncte
338 4242 493 4311 crustatrlp
569 4242 683 4295 oltrat1m
700 4244 743 4298 sic
759 4242 788 4295 F
869 4246 900 4296 27
919 4259 935 4299 c
953 4244 981 4297 iu
998 4247 1213 4297 mucrone'ccrr.
1231 4258 1269 4295 ex
1288 4243 1300 4295 l
1316 4243 1346 4295 iu
1363 4241 1394 4302 F,

223 4346 387 4403 mucronep
458 4334 577 4389 drltrrcto
596 4334 638 4401 F,
657 4335 819 4406 destrictos
1207 4348 1211 4354 '
