2934 4900
552 254 624 303 our.
647 256 852 306 xri-xvim
1196 334 1198 341 y
1220 254 1278 317 193

110 404 338 484 ostentumque
359 422 412 469 me
440 404 662 472 obtruncatum
690 410 840 478 uulturiis
869 414 1010 497 opimum
1032 415 1186 499 pabulum
1208 420 1278 486 red-

108 508 235 575 derent.
258 512 386 596 iamque
408 535 515 581 rumor
536 516 664 602 publice
685 521 852 588 crebuerat
874 543 937 606 quo
959 533 1165 611 conspectum
1180 534 1277 614 atque

105 622 367 705 famigerabilem
388 626 470 703 meis
492 626 582 693 miris
596 629 720 696 artibus
743 630 912 697 effeceram
935 633 1113 700 dominum:
1151 638 1203 703 hie
1229 647 1279 707 est

106 735 166 817 qui
188 732 333 799 sodalem
355 736 588 819 conuiuamque
610 739 756 823 possidet
776 742 920 825 asinum,
943 745 1116 813 luctantem
1138 749 1275 831 asinum,

67 859 85 907 a
106 844 281 910 saltantem
297 844 434 929 asinum,
450 867 547 914 uoces
561 848 720 917 humanas
735 850 986 936 intellegentem,
1002 875 1133 923 sensum
1147 858 1278 927 nutibus
1381 848 1382 853 ἵ

106 956 352 1039 exprimentem.

195 1065 261 1131 Sed
282 1066 373 1151 prius
394 1073 443 1154 est
463 1074 500 1131 ut
519 1069 612 1136 uobis
634 1069 720 1153 quod
749 1070 841 1136 initio
869 1073 974 1139 lacere
1003 1075 1193 1161 debueram,
1223 1079 1277 1145 uel
1298 1084 1408 1151 XVIII

105 1193 194 1240 nunc
216 1177 330 1263 saltem
352 1177 489 1255 referam
512 1180 588 1261 quis·
607 1180 668 1246 iste
691 1182 744 1245 uel
766 1181 852 1247 unde
874 1184 970 1249 brerit
991 1185 1133 1261 Thiasus
1155 1188 1279 1254 -hoe

105 1286 196 1349 enim
228 1286 359 1352 nomine
388 1308 478 1355 meus
506 1292 755 1375 nuncupabatur
785 1291 943 1359 dominus.
987 1296 1141 1362 oriundus
1172 1298 1279 1381 patria

55 1414 86 1464 lo
107 1393 281 1479 Corintho,
314 1398 400 1481 quod
428 1405 525 1483 eaput
552 1407 602 1467 est
628 1402 726 1467 totius
748 1401 891 1469 Achaiae
920 1406 1121 1488 prouinciae,
1151 1414 1186 1472 ut
1208 1408 1277 1475 eius

104 1507 264 1591 prosapia
286 1514 383 1593 atque
405 1509 547 1593 dignitas
569 1511 770 1595 postulabat,
793 1512 953 1595 gradatim
976 1516 1157 1600 permensis
1179 1516 1277 1583 hono-

104 1618 199 1684 ribus
222 1620 456 1703 quinquennali
477 1620 666 1703 magistratu
687 1623 792 1689 iuerat
807 1624 985 1691 destinatus
1001 1632 1033 1691 et
1054 1633 1089 1691 ut
1111 1628 1277 1711 splendori

104 1729 382 1813 capessendorum
404 1730 614 1814 responderet
635 1732 786 1810 tascium,
824 1755 939 1801 munus
967 1735 1195 1819 gladiatorium
1224 1738 1278 1803 tri-

106 1837 210 1905 duani
225 1841 400 1925 spectaculi
414 1840 577 1925 polheitus
592 1841 690 1908 latius
703 1844 953 1910 munificentiam
969 1866 1060 1911 suam
1081 1848 1276 1931 porrigebat.

54 1961 84 2009 rs
105 1950 249 2033 denique
269 1952 394 2035 gloriae
415 1952 564 2034 publicae
593 1952 699 2017 studio
727 1960 803 2019 tunc
825 1954 1029 2021 Thessaliam
1052 1956 1150 2022 etiam
1172 1976 1278 2023 acces·
1382 2034 1386 2043 ,

107 2070 198 2129 serat
220 2061 440 2127 nobilissimas
461 2062 547 2156 ieras
570 2068 601 2143 et
622 2063 762 2129 famosos
791 2064 867 2130 inde
896 2066 1092 2158 gladiatores
1113 2084 1279 2151 compara·

103 2182 208 2239 turus.
253 2173 382 2257 iamque
404 2191 445 2237 ex
466 2171 600 2237 arbitrio
622 2173 790 2256 dispositis
813 2175 1031 2260 coemptisque
1054 2176 1202 2243 omnibus
1224 2176 1278 2242 do·

103 2284 294 2349 muitionem
329 2283 467 2368 parabat
499 2284 616 2367 spretis
652 2285 823 2351 luculentis
859 2285 924 2351 illis
953 2287 1021 2375 suis
1053 2286 1212 2375 uehiculis
1239 2306 1278 2353 ae

104 2392 302 2480 posthabitis
325 2392 450 2460 decoris
473 2393 643 2459 raedarum
672 2395 835 2480 carpentis
864 2400 947 2480 quae
974 2398 1092 2481 partim
1122 2403 1275 2481 contecta,

52 2509 85 2558 20
104 2505 226 2590 partim
262 2506 408 2570 reuelata
451 2505 569 2571 frustra
603 2505 791 2572 nouissimis
832 2506 1043 2573 trahebantur
1078 2508 1277 2592 consequiis:

105 2615 202 2699 equis
225 2615 322 2681 etiam
345 2614 544 2682 Thessalicis
567 2621 599 2681 et
620 2617 694 2687 aliis
717 2617 868 2683 iumentis
891 2616 1068 2684 Gallicanis
1085 2618 1200 2700 quibus
1221 2639 1277 2702 ge-

107 2745 227 2792 nerosa
256 2725 387 2791 suboles
415 2725 563 2808 perhibet
599 2727 775 2810 pretiosam
812 2717 1017 2810 dignitatem:
1050 2746 1102 2792 me
1134 2727 1277 2812 phaleris

106 2836 216 2901 aureis
235 2843 267 2900 et
287 2836 403 2902 fucatis
419 2835 583 2920 ephippiis
605 2845 636 2901 et
657 2837 828 2921 purpureis
850 2839 969 2922 tapetis
992 2843 1024 2902 et
1046 2837 1145 2928 frenis
1161 2859 1277 2922 argen-

107 2951 171 3014 teis
194 2954 225 3012 et
240 2947 412 3031 ‘pictilibus
434 2946 552 3012 balteis
574 2952 606 3012 et
627 2947 853 3014 tintinnabulis
881 2947 1064 3033 perargutis
1086 2933 1276 3013 exornatum
1381 2991 1384 3004 ι

54 3063 86 3112 25
106 3059 178 3142 ipse
207 3056 356 3123 residens
384 3056 606 3122 amantissime
637 3077 703 3122 non
735 3077 899 3139 nunquam
928 3057 1120 3124 comissimis
1149 3057 1277 3123 adlatur

107 3167 310 3233 sermonibus
332 3174 429 3248 atque
451 3168 535 3231 inter
557 3167 624 3232 alia
644 3168 801 3252 pleraque
823 3187 945 3234 summe
968 3187 1003 3235 se
1030 3167 1184 3233 delectari
1205 3188 1276 3252 pro-

22 3279 88 3342 [249]
106 3278 259 3344 fitebatur
289 3278 375 3361 quod
396 3276 532 3343 haberet
558 3278 592 3342 in
615 3297 666 3342 me
688 3278 784 3342 simul
806 3285 838 3343 et
859 3278 1030 3343 conuiuam
1053 3284 1085 3343 et
1106 3283 1275 3343 uectorem.

193 3388 236 3453 At
259 3388 315 3452 ubi
337 3388 454 3473 partim
476 3388 635 3469 terrestri,
665 3387 783 3472 partim
812 3388 973 3453 maritimo
996 3387 1110 3454 itinere
1133 3389 1275 3454 coniecto
1299 3405 1430 3472 XVHH

75 3544 80 3552 ›
107 3498 298 3564 Corinthum
320 3499 531 3576 accessimus,
554 3517 691 3581 magnae
706 3497 833 3591 ciuium
855 3498 968 3564 turbae
998 3497 1217 3580 confluebant,
1242 3507 1276 3563 ut

54 3614 88 3665 30
105 3608 188 3673 mihi
209 3608 396 3691 uidebatur,
425 3629 491 3674 non
519 3615 643 3673 tantum
665 3608 780 3674 Thiasi
808 3608 922 3674 dantes
953 3608 1067 3674 honori
1095 3629 1190 3692 quam
1213 3609 1276 3674 mei

106 3726 299 3804 conspectus
332 3719 508 3805 cupientes.
552 3739 628 3783 nam
658 3724 749 3783 tanta
776 3717 872 3783 etiam
905 3717 1026 3784 ibidem
1049 3717 1089 3784 de
1112 3737 1163 3783 me
1191 3718 1277 3782 fama
1326 3795 1329 3802 1

106 3835 298 3913 peruaserat
319 3838 353 3894 ut
375 3848 439 3894 non
462 3828 615 3893 mediocri
631 3829 778 3912 quaestui
800 3828 984 3914 praeposito
1000 3827 1048 3894 illi
1064 3848 1135 3894 meo
1152 3828 1274 3892 luerim.

105 3939 162 4022 qui
184 3953 256 4004 cum
278 3939 395 4005 multos
418 3938 542 4004 uideret
564 3939 663 4004 nimio
685 3939 795 4004 fauore
825 3940 915 4004 lusus
937 3957 1027 4005 meos
1056 3944 1201 4023 spectare
1223 3959 1276 4020 ge·

177 4296 311 4369 lpauuld
328 4303 366 4359 ΙΝ
452 4306 551 4357 toste
566 4302 612 4355 hro
635 4300 758 4370 detetaq
783 4303 810 4354 ta
836 4299 864 4354 F
952 4306 982 4355 19
1000 4300 1124 4354 redarum
1148 4297 1278 4354 Medios:

106 4389 194 4461 pdarir
213 4391 258 4462 Vp
345 4402 378 4452 30
395 4402 458 4452 uate
474 4396 553 4450 threlr
571 4411 650 4450 maso
669 4397 726 4448 lut
742 4393 798 4450 uid:
816 4395 843 4449 ia
859 4395 884 4445 F

159 4486 280 4530 Arrnsrva
1043 4481 1073 4530 13
