2934 4900
253 221 314 282 142
753 233 845 282 nrum
866 234 929 280 vm

251 406 324 453 esce
346 407 486 463 securus,
509 387 603 452 beate
618 386 788 453 somniare.
811 405 877 452 non
899 404 960 470 ego
980 383 1100 469 gladio,
1123 406 1190 452 non
1203 387 1423 470 ferropetam.

251 497 337 565 absit
358 505 393 564 ut
414 496 512 564 simili
533 496 647 564 mortis
668 517 788 581 genere
810 517 882 562 cum
903 498 1019 562 marito
1033 516 1105 562 meo
1120 498 1316 581 coaequeris.
1341 495 1421 560 uiuo

249 609 309 674 tibi
329 609 504 675 morientur
526 607 609 673 oculi
631 627 691 673 nec
713 609 884 692 quicquam
906 606 1034 674 uidebis
1055 607 1120 674 nisi
1141 607 1312 674 dormiens.
1344 607 1422 670 faxo

249 719 423 814 feliciorem
445 737 556 785 necem
578 718 700 784 inimici
722 719 769 784 tui
790 739 887 802 quam
910 718 1010 783 uitam
1032 723 1120 782 tuam
1143 717 1276 784 sentias.
1308 717 1421 781 lumen

250 837 336 896 certe
357 849 422 894 non
443 827 580 911 uidebis,
604 850 702 894 manu
723 829 849 894 comitis
870 827 1042 912 indigebis,
1066 827 1223 894 Chariten
1243 847 1309 893 non
1330 834 1450 899 tene-'o

171 995 175 1000 .
249 940 316 1022 bis,
354 939 484 1022 nuptias
513 960 577 1005 non
605 940 738 1020 frueris,
775 958 836 1005 nec
864 939 975 1006 mortis
997 941 1105 1024 quiete
1134 937 1332 1004 recreaberis
1357 923 1418 1001 nec

249 1051 337 1116 uitae
367 1051 532 1134 uoluptate
568 1036 745 1116 laetaberis
774 1048 834 1115 sed
870 1050 1027 1115 incertum
1056 1050 1264 1115 simulacrum
1291 1048 1419 1114 errabis

248 1161 332 1228 inter
354 1161 471 1226 Orcum
494 1166 525 1226 et
547 1159 655 1226 Solem
676 1166 708 1225 et
730 1159 786 1224 diu
808 1179 945 1243 quaeres
974 1159 1142 1224 dexteram
1164 1177 1249 1243 quae
1269 1166 1345 1224 tuas
1369 1177 1420 1222 ex·

248 1272 406 1355 pugnauit
426 1272 575 1354 pupulas,
599 1269 749 1354 quodque
764 1276 814 1336 est
835 1270 869 1335 iu
881 1289 1040 1336 aerumna
1054 1271 1267 1336 miserrimum
1289 1270 1418 1335 nescies

181 1373 184 1380 ¹
248 1381 289 1447 de
301 1401 364 1466 quo
376 1381 531 1463 queraris.
543 1387 588 1472 ,at
610 1400 669 1464 ego
686 1380 890 1464 sepulchrum
906 1381 968 1445 mei
984 1381 1162 1464 Tlepolemi
1184 1386 1239 1444 tuo
1261 1380 1419 1445 luminum
1436 1383 1460 1430 ¹⁰

248 1511 360 1558 cruore
379 1492 498 1556 libabo
521 1499 553 1556 et
576 1492 696 1558 sanctis
719 1492 869 1558 manibus
898 1492 967 1558 eius
990 1491 1062 1558 istis
1091 1491 1192 1557 oculis
1228 1490 1418 1575 parentabo.

248 1603 306 1669 sed
339 1602 417 1686 quid
453 1619 542 1666 mora
577 1602 730 1687 temporis
759 1600 892 1684 dignum
920 1602 1093 1666 cruciatum
1115 1601 1251 1667 lucraris
1274 1607 1306 1667 et
1328 1620 1417 1665 meos

247 1714 382 1779 forsitan
404 1712 463 1776 tibi
485 1712 653 1794 pestiferos
676 1712 867 1794 imaginaris
883 1713 1075 1797 amplexus?
1097 1714 1218 1779 relictis
1234 1713 1417 1778 somnolen-

247 1825 289 1890 tis
311 1823 455 1890 tenebris
478 1822 521 1887 ad
543 1823 641 1887 aliam
663 1824 834 1906 poenalem
858 1823 979 1904 euigila
1000 1823 1181 1906 caliginem.
1226 1823 1340 1888 attolle
1364 1842 1415 1886 ua-

247 1955 340 2000 cuam
377 1933 507 2011 laciem,
553 1932 729 1998 uindictam
766 1952 971 2017 recognosce,
1008 1934 1216 1999 infortunium
1251 1934 1455 2016 intellegere

246 2065 418 2112 aerumnas
447 2049 605 2126 computa.
650 2043 696 2108 sic
724 2043 862 2128 pudicae
884 2045 1010 2110 mulieri
1031 2046 1078 2110 tui
1105 2046 1296 2129 placuerunt
1318 2043 1412 2123 oculi,
1430 2048 1461 2111 pq

246 2157 293 2222 sic
314 2157 400 2220 laces
430 2152 592 2237 nuptiales
619 2160 691 2220 tuos
727 2154 950 2246 illuminarunt
984 2155 1154 2222 thalamos.
1197 2155 1331 2219 ultrices
1362 2154 1415 2216 ha·
1459 2230 1461 2241 .

245 2265 338 2330 bobis
368 2264 534 2348 pronubas
566 2270 597 2329 et
632 2263 802 2329 orbitatem
824 2265 972 2330 comitem
995 2272 1027 2332 et
1051 2272 1231 2351 vperpetuae
1251 2263 1414 2329 conscien·
1459 2254 1461 2333 ἰ

245 2375 310 2441 tiae
333 2365 521 2440 stimulum.'
1459 2348 1461 2385 Ι

142 2464 223 2529 XIII
329 2484 380 2549 Ad
403 2484 487 2550 hunc
508 2484 639 2550 modum
661 2486 837 2552 uaticinata
859 2488 974 2554 mulier
1003 2508 1063 2553 acu
1092 2488 1206 2553 crinali
1234 2487 1343 2572 capite
1366 2486 1414 2551 de
1430 2503 1454 2550 rc

245 2602 393 2680 prompta
415 2594 579 2679 Thrasylli
616 2598 828 2662 conuulnerat
863 2605 930 2663 tota
966 2600 1088 2664 lumina
1117 2618 1253 2683 eumque
1281 2618 1414 2682 prorsus

245 2707 445 2771 exoculatum
463 2706 650 2789 relinquens
665 2706 742 2771 dum
757 2707 869 2773 dolore
884 2710 993 2775 nescio
1019 2710 1185 2793 crapulam
1207 2728 1278 2773 cum
1301 2728 1413 2774 somno

245 2815 389 2899 discutit,
427 2824 555 2899 arrepto
592 2816 677 2881 nudo
706 2818 816 2900 gladio
847 2839 909 2902 quo
932 2840 968 2884 se
991 2820 1198 2904 Tlepolemus
1221 2818 1349 2885 solebat
1371 2818 1414 2882 in·

245 2928 384 3010 cingere,
407 2945 466 3010 per
488 2926 628 2991 mediam
652 2929 815 2993 ciuitatem
838 2948 933 2995 cursu
955 2930 1075 2996 furioso
1103 2930 1241 3014 proripit
1262 2948 1312 3010 se,
1342 2950 1413 3013 pro·
1458 2945 1460 3006 t

245 3039 296 3102 cul
318 3037 416 3101 dubio
437 3038 546 3103 nescio
570 3036 654 3121 quod
682 3040 787 3104 scelus
815 3040 959 3122 gestiens
987 3047 1075 3105 recta
1096 3040 1326 3105 monimentum
1353 3060 1413 3103 ma·
1427 3021 1460 3156 ιιί

245 3148 297 3211 riti
320 3147 493 3212 contendit.
527 3154 561 3212 at
582 3168 641 3214 uos
664 3155 695 3214 et
717 3149 821 3215 omnis
843 3151 997 3234 populus,
1026 3150 1157 3215 nudatis
1178 3150 1254 3216 totis
1276 3148 1412 3214 aedibus
1458 3159 1460 3226 t

245 3256 389 3323 studiose
420 3258 645 3341 consequimur
673 3258 790 3323 hortati
820 3267 929 3325 mutuo
965 3262 1084 3325 ferrum
1121 3262 1273 3327 uaesanis
1309 3269 1412 3326 extor-

244 3386 343 3451 quere
365 3367 524 3433 manibus.
568 3368 626 3433 sed
648 3368 780 3436 Charite
802 3373 951 3454 capulum
979 3373 1158 3456 Tlepolemi
1180 3380 1312 3455 propter
1333 3372 1411 3437 assi-

244 3487 333 3543 stens
355 3476 528 3561 gladioque
549 3477 684 3562 fulgenti
707 3480 852 3563 singulos
874 3480 1010 3564 abigens
1038 3482 1094 3546 ubi
1126 3482 1221 3547 fletus
1243 3480 1363 3547 uberes
1384 3486 1411 3545 et
1457 3471 1458 3560 l

243 3588 492 3659 lamentationes
514 3589 623 3655 uarias
646 3596 830 3655 cunctorum
851 3591 992 3657 intuetur
1424 3575 1458 3655 3⁰³

325 3690 470 3763 ‘Abicite’
494 3699 599 3783 inquit
618 3692 832 3785 ‘importunas
854 3702 1021 3782 lacrimas,
1051 3699 1167 3766 abicite
1189 3703 1308 3767 luctum
1331 3704 1410 3768 meis
1457 3735 1458 3738 ¹

183 3806 185 3810 ’
242 3808 414 3874 uirtutibus
447 3810 599 3876 alienum.
632 3810 800 3877 uindicaui
831 3812 866 3875 in
887 3811 951 3876 mei
972 3812 1079 3876 mariti
1102 3818 1266 3877 cruentum
1288 3834 1410 3899 perem·
1457 3801 1459 3884 ζ

310 3999 325 4047 6
343 3995 507 4047 recruduerit
522 3997 585 4047 uate
601 3993 733 4048 emendat.
751 3994 1043 4065 secundaemmmst
1130 4000 1144 4047 'l
1162 3994 1287 4063 letaberrl
1300 3996 1328 4067 f,
1346 3998 1410 4052 letu-
1457 3889 1459 4042 Ι

241 4086 311 4141 berrl
327 4108 363 4155 qv:
382 4086 509 4157 letauerrl
525 4087 550 4137 F
637 4091 667 4140 to
685 4088 929 4183 nioslepulchrnia
946 4105 1001 4142 ros.
1020 4106 1038 4143 a
1055 4088 1174 4144 secanda
1187 4092 1409 4163 manusm‘pom
1456 4079 1457 4110 l

169 4229 171 4237 ,
242 4181 270 4233 iu
288 4180 318 4244 F,
338 4179 517 4249 sepulchrdp
608 4184 637 4234 14
655 4182 757 4267 penalq
776 4184 802 4234 F
867 4182 970 4251 attolle]
988 4188 1114 4237 actum
1132 4189 1292 4254 (praetera
1310 4186 1408 4239 inrue.

242 4290 259 4325 a
276 4288 329 4327 sec.
345 4289 428 4327 manc
444 4274 558 4345 ισνὶρια)
572 4275 603 4338 F,
622 4275 742 4344 attalem
828 4280 953 4330 torento
976 4274 1105 4330 Vrsinus.-
1123 4278 1195 4332 lecta
1206 4279 1250 4346 Fp
1267 4277 1329 4342 (scd
1345 4276 1412 4332 iaF

242 4364 367 4430 deletum)
454 4370 485 4421 27
503 4367 609 4436 uelauit
624 4369 664 4420 F:
680 4370 823 4438 uelanrlqr
910 4374 942 4424 28
961 4366 1062 4439 capulis
1077 4390 1113 4441 qr:
1132 4377 1216 4441 caput
1233 4370 1261 4425 F
