2934 4900
189 177 208 240 8
603 253 606 260 ι
729 186 821 234 LIBRI
842 189 855 234 1

189 343 316 412 testudo
338 344 450 408 faetus.
488 361 526 406 ac
548 339 623 404 dum
646 339 791 404 infimum
812 337 956 406 deiectus
978 339 1107 424 obliquo
1130 346 1263 431 aspectu
1283 336 1368 422 quid

189 455 237 520 rei
253 454 294 521 sit
307 453 470 538 grabatuli
485 450 629 518 sollertia
650 451 792 517 munitus
814 450 974 533 opperior,
996 448 1091 516 uideo
1110 450 1263 516 mulieres
1278 450 1365 517 duas

90 647 95 652 q
190 564 315 631 altioris
337 563 464 630 aetatis.
501 562 666 626 lucernam
694 560 836 625 lucidam
863 560 997 644 gerebat
1025 579 1106 636 una,
1136 561 1306 646 spongiam
1330 568 1367 626 et

189 674 311 742 nudum
326 673 470 758 gladium
485 672 597 738 altera.
633 671 695 736 hoc
715 670 829 750 habitu
851 670 1017 736 Socratem
1038 671 1123 736 bene
1145 648 1288 755 quietum
1302 671 1365 737 oir-

191 791 393 853 oumstetere.
430 783 501 849 infit
521 783 579 847 illa
593 801 664 846 cum
685 779 795 864 gladio
815 773 881 845 ‘hic
903 788 961 858 est,
984 801 1075 848 soror
1095 781 1243 863 Panthia,
1267 801 1366 848 carus
1389 799 1407 846 5

190 894 387 980 Endymion,
416 893 470 959 hio
491 891 670 958 Catamitus
692 912 785 957 meus
807 893 865 990 qui
885 890 1001 982 diebus
1023 911 1062 955 ac
1083 893 1230 960 noctibus
1250 892 1368 959 inlusit

191 1006 365 1074 aetatulam
385 1023 506 1084 meam,
534 1003 588 1067 hic
610 1004 663 1086 qui
687 1002 768 1069 meis
782 1003 961 1092 amoribus
975 1002 1206 1070 subterhabitis
1226 1023 1291 1069 non
1313 1024 1367 1070 so-

191 1119 258 1182 lum
280 1135 332 1182 me
347 1114 492 1180 diffamat
513 1113 650 1199 probris,
666 1133 779 1179 uerum
793 1113 903 1196 fugam
924 1113 1063 1179 iustruit.
1101 1121 1135 1178 at
1157 1133 1217 1197 ego
1240 1114 1366 1180 scilicet

192 1227 281 1293 Vlixi
295 1232 368 1293 astu
390 1224 520 1295 deserta
540 1224 611 1288 uice
626 1223 821 1308 Calypsonis
837 1229 1002 1289 aeternam
1024 1223 1231 1290 solitudinem
1251 1217 1364 1290 tlebo.³

194 1345 225 1405 et
245 1345 394 1422 porrecta
415 1335 549 1400 dextera
570 1353 686 1418 meque
707 1333 866 1400 Panthiae
897 1354 975 1401 suae
999 1334 1216 1400 demonstrato
1241 1327 1290 1400 ‘at
1309 1334 1368 1400 hic
1393 1354 1426 1402 ro

192 1431 311 1514 bonirs’
336 1446 442 1530 inquit
459 1438 659 1512 ‘consiliator
680 1444 918 1527 Aristomenes,
942 1444 997 1527 qui
1018 1445 1114 1529 fugae
1135 1444 1231 1512 huius
1253 1452 1368 1510 auctor

194 1559 254 1625 fuit
269 1567 301 1624 et
314 1575 400 1622 nuno
421 1557 515 1621 morti
529 1555 695 1640 proximus
716 1554 783 1619 iam
804 1555 894 1619 humi
908 1561 1089 1639 prostratus
1103 1555 1272 1638 grabatulo
1288 1556 1367 1622 sub-

194 1669 317 1735 oubans
338 1667 423 1732 iacet
444 1665 578 1731 ethaeo
600 1665 710 1730 omnia
731 1665 902 1749 conspicit,
926 1666 1057 1750 impune
1079 1667 1253 1732 relaturum
1275 1680 1369 1732 meas

194 1777 406 1845 contumelias
428 1783 529 1862 putat.
566 1775 641 1859 faxo
670 1793 743 1840 eum
773 1795 862 1858 sero,
890 1775 987 1841 immo
1016 1776 1141 1852 statim,
1168 1776 1266 1841 immo
1288 1796 1369 1842 uero

193 1890 258 1956 iam
281 1907 366 1954 nunc
387 1893 422 1953 ut
444 1893 476 1952 et
496 1884 722 1970 praecedentis
741 1885 922 1951 dicacitatis
944 1893 977 1952 et
996 1887 1148 1953 instantis
1170 1886 1369 1953 curiositatis
1394 1908 1425 1955 rs

101 2077 102 2080 Ἴ
175 1989 382 2084 paeniteat'

89 2100 171 2166 XIII
278 2109 368 2174 Haeo
389 2127 449 2191 ego
472 2112 506 2170 ut
527 2107 649 2190 accepi,
673 2105 792 2173 sudore
812 2106 930 2190 frigido
952 2106 1051 2172 miser
1071 2106 1205 2191 perfluo,
1227 2114 1369 2174 tremore
1388 2115 1455 2178 [108]

176 2301 179 2310 ι
193 2221 320 2286 uiscera
335 2218 462 2302 quatior
477 2223 513 2282 ut
525 2216 714 2300 grabatulus
731 2217 829 2283 etiam
845 2236 1017 2283 succussus
1040 2226 1071 2284 et
1091 2217 1255 2302 inquietus
1271 2239 1371 2303 super

194 2331 325 2396 dorsum
347 2349 452 2394 meum
473 2327 665 2412 palpitando
688 2329 831 2394 saltaret.
846 2335 903 2393 ‘at
924 2328 1010 2392 hona
1032 2328 1171 2393 Panthia
1189 2321 1287 2413 ‘quin
1308 2329 1370 2412 igi·

193 2433 258 2508 tur’
293 2439 397 2525 iuquit
421 2433 540 2522 ‘soror,
574 2437 660 2505 hunc
688 2438 827 2524 primum
856 2439 1037 2505 bacchatim
1065 2437 1279 2525 discerpimus
1313 2442 1370 2507 uel
1390 2459 1425 2507 ro

193 2552 346 2619 memhris
370 2551 439 2618 eius
461 2551 633 2618 destinatis
654 2550 764 2615 uirilia
786 2542 1000 2616 desecamus.²

107 2642 110 2652 ¹
277 2662 329 2727 Ad
351 2661 433 2727 haec
447 2662 555 2727 Meroe
576 2696 618 2707 —
640 2660 687 2728 sio
708 2661 795 2726 enim
818 2680 933 2745 reapse
949 2680 1066 2725 nomen
1089 2662 1159 2726 eius
1181 2667 1257 2725 tune
1278 2660 1371 2725 fabu-

194 2772 235 2839 lis
264 2772 407 2839 Soeratis
436 2770 608 2838 conuenire
637 2771 817 2838 sentiebam
839 2806 882 2817 -
900 2763 1025 2835 ‘immo’
1056 2771 1103 2835 ait
1128 2764 1283 2855 ‘supersit
1312 2770 1370 2835 hic

114 2900 117 2911 ’
192 2884 309 2950 saltem
338 2884 393 2967 qui
422 2883 542 2949 miselli
570 2881 666 2948 huius
694 2901 811 2966 corpus
840 2902 942 2967 paruo
970 2883 1166 2947 contumulet
1193 2873 1303 2946 humo'
1335 2889 1370 2947 ct

193 2994 299 3077 eapite
322 2994 464 3059 Socratis
485 2993 520 3058 in
542 2993 679 3057 alterurn
702 2991 821 3057 dimoto
846 2994 932 3059 latus
953 3012 1012 3076 per
1034 2993 1177 3075 iugulum
1201 2992 1369 3058 sinistrum
1388 3003 1421 3052 ‘25

194 3106 308 3189 capulo
323 3111 417 3170 tenus
432 3103 577 3187 gladium
592 3108 692 3167 totum
709 3104 740 3168 ei
762 3102 920 3187 demergit
936 3109 967 3168 et
982 3102 1150 3186 sanguinis
1166 3102 1370 3187 eruptionem

193 3216 329 3279 utriculo
359 3214 488 3278 admoto
522 3214 643 3298 excipit
671 3213 844 3296 diligenter
872 3219 906 3277 ut
934 3214 1024 3279 nulla
1052 3214 1140 3281 stilla
1166 3220 1371 3297 compareret

194 3343 340 3406 usquam.
384 3322 465 3387 haee
497 3344 557 3407 ego
590 3324 672 3390 meis
703 3323 805 3390 oculis
839 3324 963 3407 aspexi.
1005 3344 1082 3389 nam
1115 3324 1212 3389 etiam
1244 3322 1370 3407 nequid

266 3556 276 3603 1
301 3549 376 3604 facta
397 3535 440 3617 ld,
472 3550 562 3605 factal
586 3569 605 3619 φ
714 3551 853 3621 5path1a
881 3550 947 3616 (uid.
979 3551 1068 3621 fuisse
1092 3554 1120 3616 n)
1147 3550 1180 3615 F,
1206 3551 1320 3619 pauthra
1347 3572 1370 3621 φ

194 3650 209 3699 6
228 3644 380 3713 Endymion
398 3644 568 3699 Beroaldus:
587 3644 721 3709 endsmron
739 3644 767 3707 (d
784 3661 855 3700 corr.
874 3644 902 3697 ia
920 3649 946 3709 o)
965 3645 995 3707 F,
1008 3646 1181 3713 enolmrony
1267 3649 1281 3695 7
1301 3645 1371 3712 lupa

193 3736 258 3791 hahr
276 3766 285 3787 ι
303 3737 336 3805 *l
363 3737 399 3788 tri
421 3736 488 3807 (fait
509 3742 548 3803 ta)
578 3740 610 3803 F,
635 3738 836 3807 subthabrtrtp
935 3738 1028 3791 Cuice
1053 3736 1211 3807 Calypsonis
1235 3736 1369 3791 Iuntina:

194 3836 250 3885 u1te
267 3828 291 3883 dr
308 3829 434 3898 alrpsonrl
451 3830 481 3894 F,
499 3835 557 3883 urta
576 3830 579 3899 l
599 3830 623 3883 de
641 3830 782 3899 cahploml
797 3830 856 3896 (scd
866 3832 998 3903 primitus
1015 3830 1073 3893 fait
1089 3831 1162 3885 uit&
1178 3830 1326 3898 caliptoml)
1344 3852 1367 3899 φ

197 3928 223 3976 tl
244 3922 309 3992 qu
325 3924 350 3973 P
444 3928 474 3975 12
491 3924 632 3991 grauatulo
650 3924 683 3975 ΙΝ
772 3928 802 3978 13
822 3926 847 3979 le
864 3930 927 3979 autc
943 3925 1092 3979 relaturum
1115 3941 1167 3978 om.
1187 3924 1229 3992 Pp
1248 3938 1320 3983 raam
1338 3924 1384 3977 r'n'

194 4036 214 4085 p
232 4031 318 4086 supra
335 4016 381 4069 hb.
401 4015 479 4070 addit
495 4032 670 4087 muaasqaac
686 4017 791 4073 scholia
807 4020 927 4089 serpat)
1000 4023 1029 4071 18
1047 4017 1205 4086 grauatulut
1219 4019 1253 4069 1P
1301 4023 1370 4089 post

195 4109 331 4163 lucentius
347 4109 398 4163 dcl.
416 4106 434 4162 h
453 4110 480 4163 ia
498 4112 523 4162 F
625 4115 658 4164 22
675 4127 705 4165 re
723 4112 785 4165 able
802 4112 828 4161 F
849 4155 851 4159 ,
923 4114 954 4164 25
972 4111 1046 4165 latus
1064 4128 1134 4166 corr.
1153 4128 1191 4166 ex
1212 4111 1270 4164 lata
1287 4112 1316 4165 ia
1333 4112 1368 4176 P,

194 4204 303 4273 latusrp
334 4220 471 4312 <1prorr.
489 4220 526 4259 coc
543 4222 561 4274 q
578 4205 607 4257 ia
624 4206 650 4255 F
715 4208 748 4259 26
766 4209 905 4274 eruptmne
922 4206 948 4257 F
1004 4210 1035 4259 27
1055 4200 1120 4259 u'r‘a
1137 4204 1251 4260 utriculo
1270 4205 1367 4259 iuras.

193 4326 222 4377 r'a
241 4324 266 4375 F
321 4329 427 4377 amoto
446 4326 481 4387 (m
500 4324 529 4377 r'a
546 4329 610 4387 ros.)
629 4323 654 4373 F
737 4327 769 4376 27
787 4327 906 4377 uteorr.
924 4340 962 4378 ca·
984 4323 1009 4377 de
1035 4326 1063 4377 irc
1081 4324 1106 4375 h
