2934 4900
558 239 630 320 oar.
653 239 782 302 ve-vrrr
1036 270 1038 273 ψ
1186 236 1245 297 159

72 391 231 456 trinsecus
254 389 402 456 sordibus
424 390 596 474 diligenter
624 398 733 476 aptum
762 393 834 458 usui
861 397 968 479 possis
991 396 1159 465 dinoscere
1181 401 1245 466 nisi

72 521 137 566 nos
156 507 252 584 putas
275 520 331 566 acs
352 500 393 566 de
415 502 499 565 malo
521 494 671 567 habere?
694 521 755 568 neo
777 504 947 588 quicquam
968 516 1111 574 moratus
1132 530 1172 574 ac
1193 531 1245 576 su·

72 613 216 696 spicatus
238 630 313 676 acer
335 618 366 676 et
387 611 536 694 egregius
558 612 614 677 ille
629 613 763 678 maritus
784 633 923 681 aceensa
937 616 1069 682 lucerna
1088 611 1241 686 ‘discede'
1278 649 1280 653 ¹

72 723 179 805 inquit
197 715 308 810 ftrater
329 727 360 786 et
382 721 502 788 otiosus
530 721 653 788 adsiste
682 722 784 788 donec
811 725 912 808 probe
933 735 1134 809 procuratum
1156 730 1244 796 istud

41 832 134 895 5tibi
156 823 402 916 repraesentem'
433 838 464 896 et
492 851 564 896 curn
592 832 676 898 dicto
703 833 844 900 nudatus
881 835 951 920 ipse
979 837 1086 903 delato
1123 839 1245 904 lumine

74 943 216 1008 scabiem
253 948 413 1008 uetustam
436 943 579 1009 cariosae
615 949 718 1009 testae
747 945 863 1029 occipit
890 948 1069 1031 exculpere.
1114 956 1147 1013 at
1168 969 1245 1013 uero

73 1053 199 1118 adulter
221 1053 419 1119 bellissimus
441 1053 496 1119 ille
516 1054 609 1136 pusio
631 1053 819 1118 inclinatam
841 1055 928 1120 dolio
953 1077 1088 1140 pronam
1110 1079 1243 1125 uxorem

71 1164 157 1229 labri
179 1164 462 1249 superincuruatus
484 1182 596 1229 secure
618 1162 799 1229 dedolabat.
844 1171 895 1231 ast
921 1165 979 1231 illa
1000 1167 1106 1252 capite
1135 1168 1169 1233 in
1191 1169 1245 1233 do-

72 1275 152 1338 lium
175 1274 316 1340 demisso
338 1273 488 1338 maritum
510 1294 602 1339 suum
631 1282 702 1338 astu
725 1276 903 1340 meretricio
926 1277 1084 1342 tractabat
1111 1277 1256 1347 ludicre..

28 1389 55 1436 ¹0
71 1385 134 1448 hoo
146 1391 177 1449 et
193 1383 274 1448 illud
297 1389 327 1448 et
349 1384 437 1449 aliud
454 1391 486 1449 et
500 1404 607 1451 rursus
619 1385 709 1450 aliud
719 1384 921 1469 purgandum
933 1385 1131 1454 demonstrat
1142 1389 1242 1472 digito

73 1515 132 1560 suo
144 1495 247 1560 donec
258 1502 391 1575 utroque
403 1513 499 1578 opere
510 1494 651 1579 perlecto
662 1496 802 1580 acceptis
814 1502 937 1579 septem
952 1496 1095 1563 denariis
1112 1499 1244 1563 calami·

73 1612 164 1671 tosus
185 1606 277 1670 faber
298 1590 380 1668 collo
403 1624 460 1670 suo
482 1623 599 1688 gerens
626 1605 747 1669 dolium
770 1612 898 1672 coactus
928 1614 978 1672 est
998 1607 1042 1672 ad
1069 1608 1243 1692 hospitium

73 1716 210 1780 adulteri
233 1716 401 1798 perferres

158 1826 309 1891 Pauculis
332 1826 377 1890 ibi
399 1824 514 1892 diebus
529 1814 714 1890 commorati
736 1832 768 1890 et
789 1805 1020 1892 munificientia
1040 1828 1171 1911 publica
1193 1850 1242 1896 sa·
1264 1807 1343 1871 Vffl

28 1933 54 1980 ¹5
72 1938 177 2020 ginali
191 1936 495 2028 uaticinationisque
510 1935 631 2001 crebris
646 1936 848 2002 mercedibus
864 1937 1063 2002 suffarcinati
1077 1939 1243 2021 purissimi

73 2048 120 2111 illi
144 2046 328 2112 sacerdotes
350 2034 467 2111 nouum
484 2054 635 2127 quaestus
649 2029 753 2129 genus
768 2047 829 2112 sibi
844 2048 1134 2113 comminiscuntur.
1158 2057 1244 2118 sorte

72 2159 169 2222 unica
190 2157 310 2221 tabulis
333 2156 478 2239 pluribus
501 2161 631 2222 enotata
653 2157 857 2223 consulentes
880 2156 1039 2223 derebus
1061 2158 1160 2223 uariis
1176 2161 1245 2244 plu-

73 2269 173 2332 rimos
194 2266 237 2331 ad
260 2267 344 2330 hunc
366 2266 494 2331 modurn
516 2266 718 2331 cauillantur.
741 2287 810 2333 sors
832 2267 895 2332 hac
916 2274 986 2332 erat

277 2375 350 2441 ideo
372 2377 532 2441 coniuncti
554 2384 671 2443 terram
694 2377 905 2464 proscindunt
927 2378 1025 2443 boues

29 2486 56 2534 20
278 2496 313 2553 ut
334 2488 368 2552 in
389 2488 526 2553 futurum
549 2490 635 2553 laeta
655 2490 836 2572 germinent
858 2497 939 2554 sata.

73 2606 140 2665 turn
165 2598 250 2682 siqui
286 2599 523 2662 matrimonium
561 2606 644 2665 sorte
672 2607 860 2683 coaptantes
895 2601 1147 2684 interrogarent,
1176 2622 1243 2667 rern

73 2712 179 2795 ipsam
200 2708 389 2793 responderi
411 2710 542 2784 aiebant
564 2710 744 2791 iungendos
773 2711 909 2776 conubio
939 2717 971 2777 et
998 2713 1078 2777 satis
1106 2712 1243 2777 liberum

73 2820 292 2905 procreandis.
326 2821 354 2885 si
380 2820 603 2903 possessiones
631 2822 886 2903 praestinaturus
914 2830 1098 2906 quaereret,
1131 2823 1245 2887 merito

72 2933 174 2998 boues
196 2939 231 2995 ut
251 2937 283 2994 et
303 2931 413 3012 iugum
436 2936 467 2995 et
489 2950 569 2994 arua
591 2932 745 2995 sementis
772 2930 920 2997 florentia
947 2933 1159 3017 pronuntiari.
1204 2933 1244 2997 si-

29 3040 56 3086 25
74 3044 144 3123 quis
169 3040 209 3105 de
231 3040 428 3123 profectione
450 3041 604 3105 sollicitus
626 3040 769 3105 diuinum
798 3050 928 3125 caperet
955 3043 1147 3127 auspicium,
1176 3044 1244 3105 iun-

73 3160 139 3217 ctos
168 3152 234 3215 iam
261 3156 456 3233 paratosque
490 3149 723 3234 quadripedum
751 3158 933 3216 cunctorum
967 3152 1244 3218 mansuetissimos

73 3270 103 3328 et
125 3264 248 3326 luorum
272 3260 414 3343 promitti
436 3260 476 3326 de
498 3254 613 3342 glebae
635 3262 788 3343 germine.
832 3264 861 3327 si
888 3264 1046 3345 proelium
1067 3262 1242 3348 capessitu-

72 3393 127 3439 rus
158 3373 210 3437 uel
243 3370 403 3434 latronum
440 3370 610 3436 factionem
647 3381 871 3455 persecuturus
910 3373 1011 3437 utiles
1043 3393 1144 3437 necne
1173 3393 1245 3456 pro-

71 3504 183 3549 cessus
205 3481 437 3559 sciscitaretur,
471 3479 614 3544 additam
637 3482 803 3547 uictoriam
825 3483 898 3548 torti
920 3483 1091 3565 praesagio
1114 3490 1242 3547 conten-

29 3584 55 3633 30
72 3595 193 3659 debant
213 3591 333 3675 quippe
355 3590 495 3656 ceruices
522 3590 661 3656 hostiurn
690 3593 765 3675 iugo
788 3593 951 3659 subacturi
974 3600 1006 3658 et
1026 3593 1180 3677 praedam
1203 3592 1245 3655 (16

71 3703 194 3789 rapinis
216 3702 411 3779 uberrimam
433 3701 690 3784 fructuosamque
712 3704 845 3787 capturi.
869 3747 873 3753 -

74 3882 378 3898 ...-..,-—.-...--

139 3957 277 4035 rouurur
299 3978 336 4033 m
429 3984 442 4030 r
469 3980 598 4046 uentum
623 3980 651 4033 a
741 3986 771 4033 ro
789 3981 879 4034 mrruc
901 3980 956 4033 anu
974 3980 1011 4044 a,
1034 3980 1100 4040 rura
1127 3977 1242 4045 anuup

75 4080 101 4127 ll
121 4074 222 4127 tabulis
241 4072 363 4142 pluribus
382 4072 495 4145 ocrrprt:
518 4089 537 4140 p
556 4073 651 4127 calulrl
667 4073 788 4141 plurrbui
805 4075 843 4134 (ta
860 4074 888 4127 F
902 4074 998 4127 calulrl
1014 4091 1031 4126 a
1048 4088 1131 4125 manu
1148 4087 1241 4125 sccun-

72 4169 106 4223 du
122 4169 273 4240 scrqrrtum:
300 4166 368 4237 quid
377 4167 495 4239 perierit
517 4181 572 4220 corr
597 4166 720 4236 dispicio)
739 4166 792 4234 Fa,
819 4182 867 4235 per
885 4182 978 4220 casum
1005 4165 1127 4233 pluribus
1154 4163 1241 4233 culpo

76 4268 101 4315 tS
121 4260 257 4317 cabrllant
275 4260 303 4315 F
308 4265 314 4289 ¹
384 4264 415 4313 25
435 4264 576 4328 caperetur
592 4258 636 4328 Fp
656 4260 729 4321 (Μ
748 4259 876 4314 librarius
888 4261 1010 4329 primum
1027 4259 1175 4328 empserat
1195 4271 1240 4309 ca-

71 4362 155 4423 peret)
243 4358 274 4407 27
293 4350 349 4423 plrd
366 4353 394 4407 F
476 4356 508 4406 30
527 4353 672 4407 subactum
689 4353 721 4419 F,
740 4354 913 4421 subactump
