2934 4900
243 200 283 260 66
743 209 836 258 LIBRI
856 211 912 258 1111

243 366 357 430 rimam
378 363 454 429 licet
475 363 627 453 gracilem
657 346 747 429 setae
776 361 1024 429 circumfluentis
1053 362 1215 431 densitate
1242 366 1409 450 saepimus,
1440 364 1441 369 ’

243 476 286 540 ad
308 475 414 560 ipsum
436 473 609 539 confinium
638 475 752 557 gulae,
782 494 847 558 qua
874 474 985 538 ceruix
1013 473 1139 541 bestiae
1168 476 1273 540 fuerat
1294 482 1409 555 erecta,

243 583 475 670 Thrasyleonis
507 590 602 669 caput
631 579 741 651 'subire
773 584 916 667 cogimus
937 585 1114 668 paruisque
1135 585 1309 670 respiratui
1331 587 1409 650 circa

243 716 340 762 nares
363 703 394 761 et
416 695 526 761 oculos
547 692 633 760 datis
655 694 867 760 foraminibus
895 695 1104 762 fortissimum
1127 696 1248 760 socium
1270 703 1406 762 nostrum

244 826 376 892 prorsus
404 805 542 872 bestiam
570 807 687 870 factum
715 804 907 872 inmittimus
936 823 1056 871 caueae
1087 805 1212 872 modico
1240 806 1429 890 praedesti-s

244 924 340 982 natae
362 917 474 1000 pretio,
498 935 594 1001 qnam
617 915 777 980 constanti
805 915 916 999 uigore
937 915 1075 982 festinus
1097 915 1234 1000 inrepsit
1255 917 1336 1000 ipse.
1372 916 1406 980 ad

243 1025 328 1090 hunc
356 1026 485 1091 modum
514 1025 675 1109 prioribus
703 1024 863 1091 inchoatis
885 1027 933 1091 sic
955 1025 997 1091 ad
1018 1025 1144 1110 reliqua
1175 1026 1325 1093 fallaciae
1345 1045 1407 1110 per-

144 1143 220 1210 le
242 1137 358 1219 gimus.
394 1136 549 1203 sciscitati
564 1155 682 1200 nomen
696 1135 863 1201 cuiusdam
873 1136 1044 1203 Nicanoris
1067 1137 1123 1220 qui
1144 1157 1264 1220 genere
1276 1136 1406 1202 Thracio

244 1246 388 1332 proditus
416 1246 467 1312 ius
495 1245 657 1312 amicitiae
687 1267 845 1312 summum
874 1265 944 1325 curn
978 1247 1033 1311 illo
1055 1247 1256 1314 Demochare
1279 1247 1403 1325 colebat,

244 1358 368 1424 litteras
396 1355 567 1440 adfigimus
595 1363 633 1421 ut
657 1356 839 1422 uenationis
869 1375 950 1424 suae*
975 1357 1134 1442 primitias
1168 1358 1272 1424 bonus
1293 1363 1405 1422 amicus
1419 1362 1438 1408 1¹>

245 1467 408 1533 uideretur
430 1465 574 1532 ornando
597 1467 721 1532 muneri
744 1466 923 1534 dedicasse.
961 1467 1089 1552 iamque
1111 1475 1265 1553 prouecta
1278 1487 1405 1552 uespera

245 1579 340 1646 abusi
367 1576 529 1663 pracsidio
558 1578 762 1643 tenebrarum
792 1577 1024 1662 Thrasyleonis
1053 1597 1186 1644 caucam
1221 1578 1402 1644 Demochari

246 1705 317 1754 cnm
339 1687 455 1754 litteris
477 1686 542 1754 illis
565 1687 756 1754 adulterinis
778 1688 941 1755 offerimus
970 1688 1025 1772 qui
1047 1688 1181 1755 miratus
1202 1689 1326 1755 bestiae
1346 1709 1403 1752 ma«

245 1798 446 1882 gnitudinem
469 1798 583 1881 suique
605 1798 844 1864 contubernalis
859 1806 1040 1883 opportuna
1061 1799 1256 1867 liberalitate
1276 1801 1402 1864 laetatus

245 1910 334 1975 iubet
360 1908 454 1975 nobis
482 1908 628 1993 protinus
655 1903 768 1990 gaddii
798 1908 848 1974 sui
874 1909 997 1992 gerulis
1025 1908 1136 1975 decem
1168 1930 1284 1977 aureos
1306 1929 1323 1975 e
1342 1909 1400 1975 suis
1417 1917 1434 1963 1³

244 2020 357 2086 loculis
387 2016 602 2084 adnumerari.
638 2025 713 2082 tunc
741 2025 776 2083 ut
802 2020 931 2084 nouitas
959 2021 1126 2085 consueuit
1155 2018 1198 2086 ad
1226 2020 1399 2105 repentinas
1415 2018 1438 2082 ll'

245 2131 390 2196 uisioncs
413 2129 539 2194 animos
553 2127 718 2192 hominum
740 2129 871 2213 pellere,
894 2130 985 2193 multi
1007 2150 1140 2196 numero
1163 2130 1343 2196 mirabundi
1356 2130 1399 2193 bc·

246 2241 342 2307 stiam
369 2238 588 2322 confluebant,
625 2257 760 2321 quorum
789 2239 869 2305 satis
904 2240 1058 2304 callenter
1086 2240 1229 2307 curiosos
1264 2247 1400 2324 aspectus

246 2351 449 2434 Thrasyleon
471 2355 581 2415 noster
601 2348 722 2433 impetu
745 2349 863 2414 minaci
877 2350 1059 2434 frequenter
1081 2350 1250 2416 inhibebat
1264 2370 1401 2418 consona·

247 2482 309 2547 quc
338 2461 456 2525 ciuium
485 2479 563 2525 uoce
591 2459 670 2526 satis
698 2461 777 2525 felix
797 2481 836 2526 ac
858 2462 972 2528 beatus
993 2463 1213 2529 Demochares
1240 2463 1296 2528 ille
1318 2479 1401 2544 saepe
1414 2476 1435 2523 ro

246 2566 425 2645 celebratus
455 2569 540 2654 quod
568 2575 642 2653 post
669 2576 794 2635 tantam
822 2571 946 2638 cladem
975 2573 1113 2638 ferarum
1143 2593 1225 2638 nouo
1258 2578 1399 2658 prouentu
1439 2637 1440 2646 χ

246 2680 482 2765 quoquomodo
504 2680 651 2745 fortunae
665 2681 838 2747 resisteret.
871 2682 960 2748 iubet
973 2684 1144 2749 noualibus
1167 2684 1235 2750 suis
1250 2683 1400 2749 confestim

246 2792 384 2859 bestiam
406 2790 463 2872 ire,
486 2790 575 2856 iubet
597 2812 722 2859 summa
744 2812 815 2857 curn
837 2791 1006 2875 diligentia
1036 2794 1203 2879 reportari,
1230 2793 1289 2859 sed
1310 2791 1396 2859 susci·
1439 2795 1440 2866 l

245 2904 339 2986 piens
363 2922 424 2985 ego
1127 2912 1130 2917 ·

129 3009 224 3075 XVII
327 3006 482 3078 ‘Caucas'
507 2994 637 3094 inquam
657 3008 809 3093 ‘domina
838 3013 1010 3097 flagrantia
1030 3015 1108 3081 solis
1138 3022 1169 3081 et
1196 3015 1321 3081 itineris
1341 3030 1399 3096 spa·
1412 2983 1441 3077 nl

245 3126 290 3189 tio
313 3122 480 3205 fatigatam
502 3122 606 3186 coetui
627 3125 798 3188 multarum
820 3129 852 3188 et
872 3131 906 3188 ut
927 3123 1024 3189 audio
1046 3145 1111 3190 non
1132 3132 1218 3191 recte
1240 3125 1398 3191 ualentiun

246 3234 440 3298 committere
462 3232 612 3297 ferarum.
650 3234 727 3314 quin
749 3233 857 3316 potius
880 3232 993 3300 domus
1022 3240 1096 3301 tuae
1117 3239 1264 3319 patulum
1286 3256 1323 3301 ac
1342 3252 1398 3319 pcr-

245 3343 386 3409 flabilem
408 3342 527 3423 locum,
556 3342 653 3407 immo
681 3349 712 3408 ct
740 3344 813 3408 lacu
839 3343 946 3427 aliquo
975 3344 1205 3411 conterminum
1227 3346 1398 3429 refrigeran-

247 3460 373 3534 temque
401 3451 584 3536 prospicis?
628 3474 671 3517 an
700 3454 831 3536 ignoras
859 3454 920 3519 hoc
947 3474 1049 3536 genus
1077 3455 1200 3522 bestiae
1228 3458 1315 3523 lucos
1340 3474 1399 3519 con·

248 3557 327 3622 sitos
356 3564 387 3622 et
409 3576 523 3643 specus
546 3562 670 3629 roridos
693 3570 724 3628 et
746 3564 849 3630 fontes
871 3584 1024 3630 amoenos
1046 3584 1174 3650 semper
1196 3559 1377 3632 incubarcf'
1409 3581 1439 3630 tu

331 3670 465 3736 Talibus
487 3673 617 3739 monitis
638 3672 855 3741 Demochares
877 3675 1064 3759 perterritus
1093 3696 1323 3760 numerumque
1342 3694 1397 3761 per·
1438 3635 1439 3698 i

317 3964 438 4032 1fcp1m;
457 3967 496 4020 sic
513 3966 545 4031 F,
565 3968 690 4036 teprnnp
765 3930 908 4037 5piulF,
925 3969 1038 4038 priuis>
1119 3976 1149 4025 10
1167 3972 1311 4042 afflglmttl
1373 3971 1393 4019 ¹¹
1438 3987 1440 4084 l

232 4057 363 4110 'muncrrf
379 4057 410 4121 F,
428 4074 574 4128 munerep
662 4065 692 4114 12
711 4062 879 4116 thratileonrf
894 4060 922 4113 F
1005 4066 1116 4134 rapost
1139 4068 1236 4120 aureof
1257 4066 1395 4121 induerant

246 4147 436 4216 rpfehabcbat
459 4152 487 4205 ia
505 4151 533 4205 F
599 4157 629 4207 19
647 4154 790 4209 thrafrleon
807 4154 836 4208 F
894 4160 927 4216 ni
945 4186 955 4207 ι
972 4155 1005 4220 F,
1029 4157 1100 4226 n-rP
1195 4163 1227 4216 23
1245 4160 1397 4218 medodi
1438 4086 1440 4224 Ι

248 4245 296 4293 act
312 4246 342 4293 nt
359 4242 474 4310 saorth,
503 4244 556 4297 ardu
574 4262 643 4300 corr.
663 4248 690 4301 ta
708 4263 786 4316 rrep
865 4252 940 4306 rubet
963 4284 997 4292 -
1014 4257 1147 4323 reportarr
1169 4252 1282 4310 *delebat
1309 4251 1397 4309 Oruler·

248 4331 361 4402 dorpr'us
445 4336 895 4408 asflagranua902frag1antran'
977 4350 1098 4414 rocetta
1115 4348 1144 4401 F
