2934 4900
522 247 594 292 cun.
617 245 756 290 xu-xv
1180 229 1219 288 47

55 399 129 464 mibi
152 400 268 465 melius
290 419 386 483 quam
414 407 449 464 ut
470 400 535 464 mei
556 419 657 465 eausa
680 399 732 463 ucl
762 397 923 462 tantillum
952 395 1137 480 scrupulum
1165 414 1222 478 pa·

54 511 142 575 liare.
179 529 217 573 ae
239 509 347 594 siquid
363 509 499 577 aduersi
520 517 609 576 tuum
636 516 731 593 eaput
752 508 883 593 respicit
904 508 939 572 id
960 525 1054 573 omne
1075 503 1223 589 protinus

56 641 121 686 meo
142 615 250 686 luatur
271 621 439 704 sanguine.
476 619 534 688 sed
556 618 643 704 quod
663 620 796 686 alterius
818 619 865 684 rei
886 637 985 684 causa
1006 618 1112 682 facere
1131 615 1222 680 iussa

56 754 137 816 sum,
167 733 254 798 mala
275 730 416 828 quadam
446 751 520 797 mea
542 737 628 798 sorte
650 730 684 796 in
706 737 793 796 tuam
815 729 931 794 recidit
951 717 1126 793 iniuriam'

29 842 39 888 5
135 845 226 908 Tunc
249 863 309 926 ego
332 841 501 908 familiaris
516 840 711 908 curiositatis
730 841 914 907 admonitus
930 839 1069 922 factique
1090 857 1222 903 causam
1244 827 1344 890 XIIII

56 955 292 1021 delitescentem
307 952 423 1018 nudari
445 953 589 1036 gestiens
612 951 755 1036 suscipio
774 945 929 1017 ‘omnium
944 949 1074 1033 quidem
1095 946 1224 1032 nequis-

57 1066 151 1132 simus
173 1063 475 1147 audacissimusque
496 1064 583 1128 lorus
606 1062 668 1128 iste
692 1081 786 1145 quem
808 1062 868 1127 tibi
883 1058 1106 1126 uerberandus
1127 1057 1223 1124 desti·

56 1176 146 1258 uasti,
169 1175 260 1260 prius
282 1195 302 1238 a
323 1194 375 1240 me
397 1173 545 1240 concisus
568 1179 665 1255 atque
687 1173 846 1238 laceratus
867 1170 1012 1237 interibit
1033 1169 1105 1254 ipse
1126 1187 1223 1250 quam
1310 1162 1313 1166 ’

56 1293 139 1350 tuam
161 1287 323 1370 plumeam
337 1286 537 1367 lacteamque
559 1283 724 1368 contingat
739 1291 853 1348 cutem.
891 1281 950 1348 sed
971 1279 1050 1345 milri
1066 1299 1136 1343 cum
1158 1278 1223 1366 fide

19 1397 42 1444 ¹⁰
57 1417 193 1462 memora
215 1393 300 1480 quod
322 1403 410 1461 tuum
433 1395 549 1459 lactum
579 1394 741 1460 scaeuitas
770 1399 940 1458 consecuta
961 1391 996 1456 in
1017 1409 1123 1454 meum
1146 1408 1223 1460 con·

57 1508 149 1574 uertit
169 1507 310 1572 exitium.
348 1505 462 1570 adiuro
485 1505 570 1570 enim
593 1510 681 1569 tuum
703 1502 784 1568 mihi
802 1503 1004 1598 carissimum
1026 1506 1122 1584 caput
1142 1498 1223 1564 nulli

57 1639 103 1684 me
125 1636 316 1702 prorsusne
337 1636 378 1682 nc
400 1617 459 1682 tibi
487 1615 617 1701 quidem
648 1615 713 1700 ipsi
736 1614 942 1681 adseueranti
973 1631 1070 1697 posse
1092 1595 1223 1676 credere

59 1729 138 1812 quod
158 1735 193 1793 tu
215 1728 385 1812 quicquam
412 1728 449 1792 in
468 1747 573 1792 meam
596 1725 791 1810 cogitauerit
819 1723 1005 1810 perniciem.
1041 1741 1136 1807 porro
1158 1740 1223 1785 me-

60 1839 171 1905 ditatus
192 1837 343 1903 innoxios
366 1857 461 1904 casus
484 1837 625 1903 incertus
648 1837 700 1902 uel
723 1835 819 1902 ctiam
841 1834 999 1900 aduersus
1022 1833 1136 1916 culpae
1157 1851 1221 1895 non

22 1955 44 2002 rt
59 1955 158 2034 potest
179 1939 356 2014 addicere?
1193 2014 1195 2021 ,

139 2059 217 2124 (lum
240 2059 302 2125 isto
325 2059 389 2123 fine
418 2057 575 2124 sermonis
597 2058 706 2122 oculos
728 2056 853 2122 Fotidis
883 2074 976 2120 meae
998 2053 1079 2120 udos
1101 2072 1140 2117 ac
1160 2059 1223 2117 tre·

60 2171 155 2238 mulos
178 2176 209 2236 et
231 2189 334 2254 prona
354 2167 492 2233 libidine
513 2167 674 2234 marcidos
696 2168 761 2232 iam
783 2167 912 2250 iamque
934 2163 1223 2249 semiadopertulos

61 2280 181 2348 adnixis
204 2278 499 2360 etsorbillantibus
523 2278 623 2344 sauiis
647 2278 792 2344 sitienter
813 2275 1013 2342 hauriebam.

139 2392 190 2459 Sic
220 2391 278 2456 illa
299 2388 424 2456 laetitia
445 2396 591 2455 recreata
616 2381 753 2475 ‘patere’
785 2388 888 2472 inquit
914 2379 993 2469 ‘oro‚
1018 2385 1107 2471 prius
1136 2384 1220 2450 fores
1242 2395 1303 2460 XV

22 2498 45 2547 ll
61 2502 188 2567 cubiculi
211 2500 381 2584 diligenter
409 2499 579 2565 obcludam
601 2520 643 2565 ne
665 2500 824 2566 sermonis
847 2498 951 2583 elapsi
978 2498 1114 2580 prolana
1136 2503 1223 2579 petu·
1256 2554 1259 2561 .

61 2613 155 2679 lautia
177 2611 371 2677 committam
394 2609 518 2693 grande
545 2603 716 2694 flagitium’
748 2617 780 2675 et
808 2628 879 2674 cum
907 2608 991 2673 dicto
1012 2607 1155 2691 pessulis
1177 2607 1223 2670 in-

61 2722 143 2787 iectis
164 2729 196 2789 et
217 2722 339 2787 uncino·
364 2721 497 2794 firmiter
525 2722 669 2787 immisso
701 2721 748 2786 sic
776 2720 819 2785 ad
849 2739 900 2785 me
922 2738 1054 2784 reuersa
1076 2718 1223 2800 colloque

61 2852 124 2897 meo
146 2832 295 2899 manibus
318 2832 475 2897 ambabus
498 2832 631 2915 implexa
658 2849 737 2896 uoce
758 2830 848 2896 tenui
870 2835 901 2893 et
922 2827 1094 2894 admodum
1125 2826 1223 2891 demi-

16 2930 46 2997 tc}
61 2950 132 3008 nuta
149 2934 280 3028 ‘pauco'
306 2940 410 3025 inquit
429 2935 474 3008 ‘ct
495 2939 632 3006 formido
655 2940 758 3007 solide
780 2939 894 3005 domus
917 2938 1012 3004 huius
1034 2943 1147 3022 operta
1168 2936 1223 3000 de-

22 3058 45 3108 te
61 3058 159 3135 tegere
182 3060 214 3119 ct
235 3072 356 3117 arcana
383 3051 533 3118 dominae
562 3071 653 3117 meae
686 3051 832 3116 reuelare
855 3056 987 3115 secreta.
1027 3046 1085 3115 sed
1106 3046 1222 3111 melius

62 3161 97 3226 dc
117 3170 146 3229 tc
168 3162 377 3246 doctrinaque
398 3167 454 3227 tua
476 3182 664 3247 praesumo,
695 3160 749 3245 qui
771 3167 899 3244 praeter
920 3178 1112 3243 generosam
1133 3178 1155 3222 n
1177 3162 1223 3220 ta-

61 3271 130 3337 lium
150 3272 350 3356 dignitatem,
373 3281 500 3358 praeter
523 3272 660 3340 sublime
682 3272 848 3356 ingenium
872 3269 973 3337 sacris
995 3268 1142 3353 pluribus
1163 3266 1222 3331 ini-

61 3382 151 3449 tiatus
178 3383 320 3468 profecto
347 3382 433 3449 nosti
462 3389 606 3449 sanctam
637 3383 759 3450 silentii
780 3381 886 3446 fidem.
925 3398 1143 3465 quaecumque
1165 3377 1223 3441 ita-

62 3509 116 3570 que
137 3493 323 3559 commisero
339 3492 435 3559 huius
458 3493 598 3577 religiosi
615 3494 754 3578 pectoris
777 3491 823 3556 tui
841 3486 1071 3576 penetralibus,
1095 3508 1224 3571 semper·

23 3601 47 3651 30
62 3599 134 3669 haec
161 3603 247 3668 intra
276 3610 485 3688 consaeptum
513 3605 623 3671 clausa
652 3603 816 3669 custodias
845 3621 901 3666 oro
930 3606 962 3665 et
985 3599 1223 3684 simplicitatem

62 3713 219 3780 relationis
241 3732 333 3779 meac
354 3714 527 3780 tenacitate
548 3714 775 3780 taciturnitatis
797 3719 872 3778 tuae
893 3729 1114 3776 remunerare,
1146 3729 1223 3773 nam

62 3840 114 3904 me,
137 3844 219 3907 quae
241 3825 312 3894 sola
333 3826 514 3890 mortalium
536 3827 627 3907 noui,
651 3826 702 3892 uis
725 3823 844 3889 amoris
867 3841 929 3906 quo
951 3820 1010 3885 tibi
1032 3828 1153 3901 teneor,
1174 3818 1224 3883 in-

123 4026 266 4095 dlufprcro
285 4024 329 4094 Fp
421 4030 449 4078 10
467 4025 582 4095 scebrtas
597 4006 668 4082 corr.
689 4026 716 4079 ic
736 4023 850 4095 sceurtal
866 4023 894 4076 ia
912 4021 944 4087 F,
963 4020 1077 4076 scenitas
1093 4040 1113 4091 φ
1192 4024 1220 4071 15

64 4114 176 4172 addicere
193 4117 365 4174 Soricarius:
392 4117 497 4173 adicere
515 4121 559 4189 Fp
631 4124 660 4173 18
681 4118 843 4186 lorbrlantrb3
871 4103 951 4171 iabus
966 4116 1011 4185 Fp
1080 4112 1222 4167 audiebam

64 4206 100 4271 F‘,
115 4209 269 4266 hauriebam
287 4231 306 4282 φ
410 4216 441 4265 20
459 4213 569 4282 pphana
587 4214 614 4266 F
637 4233 639 4237 ⁴
713 4216 745 4266 23
764 4212 819 4264 dim
836 4212 864 4265 t'u
883 4210 1013 4265 d1mmuta
1035 4223 1123 4262 arec.
1141 4221 1223 4258 mauu

64 4303 141 4355 recent
154 4305 307 4376 scrapturoe
325 4306 437 4361 obtruso
455 4308 482 4359 bc
501 4306 539 4360 F:
558 4312 678 4360 mernuta
696 4326 725 4375 p,
744 4314 770 4359 et
788 4304 838 4361 boc
856 4305 945 4377 aarum
964 4304 991 4357 iu
1009 4302 1037 4356 F
1048 4300 1107 4369 fuit
1190 4302 1224 4351 30

66 4392 181 4464 conseptu
198 4397 226 4451 F
