2934 4900
234 207 274 268 60
737 219 829 268 mum
850 221 903 266 1111

233 375 326 458 gines
359 380 532 438 montanae
565 373 732 454 desinunt,
765 372 862 438 turris
895 373 997 438 ardua
1030 374 1143 437 caulae
1171 373 1264 437 firma
1294 373 1403 439 solidis

234 485 391 567 cratibus,
416 484 493 549 ouili
516 483 732 550 stabulatione
754 482 937 565 commoda,
960 485 1116 568 porrectis
1138 483 1280 567 undiquc
1301 485 1403 548 lateri·

235 595 304 661 bus.
342 601 417 660 ante
433 595 518 660 fores
534 593 642 677 exigui
657 595 804 660 tramites
826 595 897 658 uice
913 594 1024 660 structi
1038 594 1173 678 parietis
1188 594 1401 659 attenduntur.

233 726 272 771 ea
300 711 335 770 tu
363 704 447 770 bono
477 710 566 769 certe
595 723 666 768 meo
695 704 838 788 periculo
872 704 1031 769 latronum
1060 703 1182 774 dixeris
1210 705 1302 770 atria.
1347 724 1401 770 nec

232 817 323 881 iuxta
351 815 521 900 quicquam
550 835 646 899 quam
674 835 779 899 parua
806 815 916 880 casula
946 815 1097 880 cannulis
1119 823 1240 882 temere
1262 821 1423 882 contectas

233 945 295 1010 quo
324 927 543 1011 speculatores
566 944 740 990 enumero
766 925 926 989 latronum
951 931 986 988 ut
1006 926 1291 1010 posteacompcri
1321 933 1401 990 sorte

156 1097 160 1106 s
232 1036 320 1101 ducti
342 1035 490 1102 noctibus
514 1035 726 1101 excubabant.

157 1138 214 1202 VII
320 1146 370 1211 Ibi
393 1165 463 1211 cum
487 1145 607 1229 singuli
635 1144 873 1231 derepsissent,
903 1144 1031 1230 stipatis
1059 1144 1194 1211 artubus
1215 1146 1309 1212 nobis
1331 1154 1400 1210 ante

232 1257 322 1340 ipsas
355 1257 440 1322 fores
473 1258 541 1322 loro
575 1255 683 1322 ualido
718 1255 890 1322 destinatis
921 1277 1018 1320 anum
1047 1255 1211 1338 quandam
1241 1263 1398 1320 curuatam

232 1368 325 1450 graui
354 1367 454 1449 senio,
485 1367 535 1431 cui
564 1367 624 1434 soli
654 1366 743 1432 salus
772 1373 869 1449 atque
896 1367 998 1432 tutela
1024 1372 1071 1432 tot
1099 1366 1432 1434 numerabamus

232 1479 405 1544 commissa
427 1477 613 1559 uidebatur,
644 1477 690 1545 sic
711 1477 821 1543 infesti
849 1478 1042 1562 compellant
1061 1469 1215 1542 ‘etiamne
1236 1480 1287 1557 tu',
1320 1477 1399 1542 busti

233 1587 372 1686 cadauer
394 1595 572 1654 extremum
596 1595 627 1653 et
648 1588 737 1654 uitae
759 1587 900 1653 dedecus
930 1587 1067 1672 primum
1091 1593 1123 1652 et
1144 1585 1218 1653 Orci
1241 1587 1398 1653 lastidium

234 1700 346 1780 solum,
371 1699 417 1764 sic
439 1698 533 1764 nobis
549 1699 653 1764 otiosa
676 1697 763 1763 domi
783 1697 931 1764 residens
945 1697 1096 1764 lusitabis
1117 1717 1177 1762 nec
1199 1698 1318 1764 nostris
1339 1704 1398 1762 tam

234 1809 361 1892 magnis
384 1815 514 1892 tamque
536 1809 726 1893 periculosis
748 1808 914 1874 laboribus
937 1809 1092 1874 solacium
1115 1807 1155 1872 de
1176 1813 1242 1871 tarn
1266 1827 1337 1874 sera
1356 1827 1398 1872 re·

233 1919 369 1985 tectione
397 1920 544 1984 tribues?
579 1939 662 2003 quae
690 1919 805 1985 diebus
835 1939 872 1983 ac
900 1918 1048 1983 noctibus
1081 1918 1127 1983 nil
1160 1919 1331 2001 quicquam
1356 1917 1398 1981 rei
1413 1932 1431 1977 rs

233 2051 329 2115 quam
351 2049 473 2094 merum
496 2029 654 2095 saeuienti
676 2030 780 2094 uentri
803 2036 857 2093 tuo
879 2030 964 2094 soles
986 2028 1125 2092 auiditer
1146 2021 1366 2112 ingurgitare'

319 2143 474 2206 Tremens
504 2138 649 2204 adhaec
671 2147 702 2204 et
724 2138 873 2206 stridenti
901 2129 1017 2204 uocula
1038 2138 1161 2223 pauida
1189 2139 1236 2204 sic
1259 2158 1338 2203 anus
1356 2129 1397 2201 ‘at

187 2261 188 2265 ’
232 2250 343 2330 uobis,
373 2249 540 2316 fortissimi
570 2249 814 2332 fidelissimique
844 2249 907 2315 mci
921 2241 1151 2334 'hospitatores
1172 2248 1322 2331 iuuenes,
1348 2247 1396 2311 ad·

234 2360 325 2425 iatim
357 2365 471 2425 cuncta
504 2361 597 2426 suaui
630 2351 745 2445 sa'pore
778 2368 928 2445 percocta
959 2360 1127 2445 pulmenta
1158 2367 1289 2444 praesto
1321 2367 1396 2437 sunt,

234 2472 329 2557 panis
358 2490 563 2560 numerosus,
597 2473 707 2537 uinum
737 2472 838 2557 probe
867 2470 1022 2537 calicibus
1049 2465 1209 2537 eciricatis
1239 2471 1397 2536 affluenter
1410 2488 1431 2537 ro

232 2582 412 2647 immissum
435 2589 466 2647 et
488 2602 528 2648 ex
550 2602 638 2649 more
661 2581 768 2647 calida
795 2582 1001 2646 tumultuarIo
1032 2582 1161 2646 lauacro
1183 2589 1292 2648 uestro
1313 2600 1395 2665 prae-

233 2684 372 2777 parata'

281 2838 282 2843 κ
319 2802 357 2867 ln
377 2802 440 2867 fine
463 2804 621 2869 sermonis
651 2802 747 2868 huius
778 2802 884 2869 statim
915 2821 988 2867 sese
1017 2802 1201 2867 deaestiunt
1228 2802 1394 2885 nudatique

234 2922 266 2979 et
298 2912 449 2979 flammae
482 2913 686 2997 largissimae
714 2932 837 2997 uapore
865 2913 1001 2977 recreati
1033 2912 1202 2997 calidaque
1229 2913 1347 2996 pertusi
1365 2917 1393 2974 et

234 3025 304 3091 oleo
341 3024 487 3108 peruncti
515 3042 645 3090 mensas
673 3024 814 3107 dapibus
843 3022 975 3107 largiter
1001 3022 1175 3090 instructas
1204 3023 1392 3089 accumbunt.
1407 3031 1429 3079 a

136 3132 214 3199 VIII
236 3133 435 3199 commodum
466 3134 642 3199 cubuerant
674 3141 706 3199 et
740 3154 815 3199 ecce
845 3133 973 3217 quidem
1003 3135 1100 3219 longe
1127 3136 1237 3219 plures
1273 3152 1392 3199 numero

213 3245 367 3309 iuuenes
390 3242 567 3309 adueniunt
595 3245 650 3309 alii
674 3265 754 3328 quos
776 3246 997 3309 Incunctanter
1024 3246 1171 3329 adaeque
1192 3247 1333 3311 latrones
1353 3263 1392 3306 ar-

233 3354 402 3419 bitrarere.
445 3375 521 3419 nam
550 3360 582 3419 et
609 3354 672 3439 ipsi
707 3353 847 3438 praedas
884 3338 1052 3419 aureorum
1086 3356 1392 3439 argentariorumque

234 3484 434 3529 nummorum
455 3484 502 3530 ac
531 3467 733 3532 uasculorum
763 3464 928 3549 uestisque
962 3466 1085 3532 sericae
1114 3474 1146 3531 et
1173 3465 1315 3531 intextae
1339 3462 1390 3528 filis

240 3660 363 3669 --.-.

305 3743 412 3797 Icaule
429 3742 520 3797 firmas
535 3743 579 3812 Fu
666 3748 744 3797 ture
761 3742 820 3804 (sed
836 3758 852 3797 o
869 3742 979 3797 uidetur
995 3742 1148 3807 monuisse)
1166 3742 1198 3806 F,
1215 3757 1312 3811 meop
1379 3740 1390 3789 6

234 3838 245 3889 I
261 3842 324 3889 cote
343 3852 358 3889 c
375 3837 463 3891 deleta
480 3838 509 3891 io
526 3836 558 3900 F,
577 3851 629 3905 ep
716 3840 730 3890 8
749 3836 915 3945 dneplrllent
930 3836 960 3891 F
1048 3839 1077 3889 12
1090 3840 1158 3907 post
1183 3834 1301 3889 cadauer
1316 3832 1390 3888 deleta

232 3960 262 4009 ot
279 3954 334 4009 aid.
355 3956 410 4009 lia
422 3955 453 4019 F,
473 3956 591 4009 cadauer
608 3974 628 4023 φ
701 3960 730 4009 16
750 3956 851 4027 teuentr
870 3958 888 4015 (ι
905 3954 968 4008 add.
985 3953 1238 4019 marasecundatF,
1253 3955 1390 4017 reurenuc

233 4078 262 4125 tl
282 4073 326 4127 Ad
343 4074 375 4139 F,
393 4073 430 4126 At
447 4093 467 4142 p
557 4077 585 4126 18
604 4036 780 4143 feldelrltimrm
805 4073 823 4137 (i
840 4072 904 4128 add.
928 4089 1026 4127 manus
1042 4073 1171 4138 secunda)
1189 4072 1221 4137 F,
1239 4072 1389 4134 fidehromu

231 4186 251 4235 φ
320 4182 371 4219 mer
389 4196 399 4217 ι
417 4197 427 4218 t
444 4166 625 4235 holprtatorel
647 4166 711 4225 (uid.
736 4167 827 4236 fuisse
851 4168 880 4234 tr)
897 4167 929 4233 F,
947 4166 999 4220 mei
1018 4166 1022 4235 Ι
1041 4167 1220 4237 hospitatores
1236 4186 1265 4235 φ,
1289 4180 1335 4218 mer
1358 4162 1389 4213 lo·

232 4259 373 4327 spitatorei
388 4258 493 4313 codices
504 4260 662 4331 interpolati
729 4264 758 4313 It
779 4259 914 4314 inmittum
931 4261 1046 4315 coniecit
1053 4258 1087 4314 de
1098 4258 1171 4314 Reos
1187 4259 1353 4331 spicilepiip.
1364 4251 1391 4305 42

233 4356 265 4405 26
284 4351 432 4405 cubuerant
449 4351 480 4416 F,
500 4354 650 4407 cubuerant
667 4373 686 4423 φ
773 4356 806 4406 28
825 4349 1009 4422 argentariord
1026 4353 1071 4424 Fp
