2934 4900
541 232 614 280 car.
638 233 778 279 xri-xv
1239 218 1262 279 9
1353 232 1356 236 ’

85 382 270 448 demutaret
306 384 401 451 credo
428 405 449 448 a
477 384 627 450 uictimae
659 383 831 466 religione,
864 382 1011 449 immissa
1043 383 1177 450 dextera
1204 405 1264 470 per

84 492 208 558 uulnus
236 493 317 559 illud
345 494 388 559 ad
417 495 545 561 uiscera
572 495 701 579 penitus
729 513 784 558 cor
806 493 919 581 miseri
938 493 1178 561 contubernalis
1199 493 1263 562 rn'ei

83 603 198 669 Meroe
220 602 307 670 bona
328 611 469 671 scrutata
496 604 643 689 protulit,
672 623 745 668 cum
774 604 828 670 ille
850 603 971 688 impetu
993 604 1050 669 tcli
1071 613 1263 690 praesecata

82 714 167 796 gula
180 731 303 795 uocem,
327 714 425 779 immo
441 714 611 782 stridorem
633 714 791 780 incertum
813 733 872 799 per
892 715 1011 780 uulnus
1033 715 1213 782 effunderet
1230 723 1262 781 ct

45 822 236 908 sspiritum
258 824 433 890 rebulliret.
469 823 556 907 quod
582 825 700 890 uulnus
728 844 826 909 quam
847 824 988 890 maxime
1010 825 1143 909 patebat
1164 845 1262 909 spon·

80 935 141 1016 gia
164 934 332 1001 offulciens
353 934 494 1000 Panthia
518 928 614 1001 ‘heus
636 927 685 1000 tu'
715 935 821 1018 inquit
847 927 999 1020 ‘spongia
1019 954 1100 1000 caue
1122 936 1157 1000 in
1178 937 1260 1001 mari

81 1050 168 1109 nata
188 1065 247 1128 per
267 1045 401 1110 fluuium
416 1029 594 1111 t1·anseas.⁵
630 1044 682 1110 his
699 1044 796 1112 editis
809 1052 908 1126 atque
923 1064 989 1110 una
1010 1052 1132 1111 remoto
1143 1046 1262 1129 graba-

79 1156 153 1219 tulo
175 1155 306 1222 uaricus
330 1175 428 1239 snper
449 1156 564 1220 faciem
589 1173 693 1221 meam
718 1154 898 1221 residentes
919 1155 1062 1221 uesicam
1083 1163 1261 1223 exonerant

81 1264 196 1349 quoad
217 1283 268 1330 me
290 1265 403 1331 urinae
426 1265 655 1350 spurcissimae
676 1264 810 1330 madore
830 1266 1023 1350 perluerent.

29 1395 60 1445 ro
173 1375 382 1442 Commodum
402 1376 502 1441 limen
523 1383 696 1442 euaserant
717 1382 751 1442 et
771 1376 855 1442 fores
882 1375 925 1440 ad
946 1375 1117 1460 pristinum
1139 1383 1258 1442 statum
1280 1369 1377 1433 XIIII

79 1486 232 1570 integrae
253 1494 442 1570 resurgunt,
471 1485 621 1552 cardines
649 1484 692 1551 ad
713 1486 873 1551 foramina
894 1484 1054 1570 resident,
1084 1494 1194 1572 postes
1215 1487 1259 1552 ad

79 1597 243 1681 repagula
256 1597 401 1677 redeunt,
424 1595 467 1661 ad
490 1596 630 1662 claustra
644 1595 769 1679 pessuli
782 1605 958 1662 recurrunt.
997 1603 1032 1662 at
1045 1616 1105 1681 ego
1120 1604 1155 1662 ut
1169 1617 1259 1664 eram

81 1707 185 1774 etiam
207 1726 292 1772 nunc
314 1705 403 1771 humi
425 1707 586 1792 proiectus
608 1705 760 1772 inanimis
788 1706 895 1773 nudus
917 1713 950 1773 et
970 1707 1106 1790 frigidus
1128 1714 1160 1772 et
1180 1708 1257 1773 lotio

78 1817 222 1902 pcrlitus
245 1816 339 1901 quasi
361 1835 475 1883 recens
498 1824 589 1882 utero
611 1817 723 1883 matris
746 1816 852 1884 editus
873 1817 972 1882 immo
993 1837 1071 1884 uero
1094 1818 1258 1884 semimor-

30 1943 59 1988 ιε)
78 1935 159 1994 tuus
182 1946 295 1992 uerum
318 1927 416 1992 etiam
437 1926 509 2011 ipse
524 1926 604 1992 mihi
626 1927 838 2011 superuiuens
860 1934 892 1993 et
902 1934 1074 2021 postumus
1096 1929 1150 1993 uel
1171 1935 1258 1994 certe

78 2037 268 2105 destinatae
289 2037 355 2100 iam
377 2037 463 2102 cruci
485 2036 677 2103 candidatus
695 2029 800 2121 ‘quid'
824 2038 957 2122 inquam
976 2030 1031 2102 ‘de
1053 2058 1104 2103 me
1125 2038 1181 2104 fiet
1202 2039 1257 2104 ubi

78 2149 146 2215 iste
169 2147 335 2234 iugulatus
357 2167 452 2213 mane
479 2148 645 2231 paruerit?
674 2149 725 2212 cui
754 2147 890 2214 uidebor
916 2148 987 2213 ueri
1008 2148 1129 2215 similia
1149 2149 1257 2215 dicere

76 2257 249 2342 proferens
278 2259 381 2323 uera?
412 2259 630 2342 proclamares
659 2258 775 2324 saltem
803 2259 1022 2342 suppetiatum
1049 2259 1078 2325 si
1106 2259 1257 2326 resistere

76 2369 133 2432 uir
155 2373 253 2434 natus
276 2369 402 2433 mulieri
425 2367 599 2453 nequibas:
630 2367 691 2434 sub
713 2368 815 2435 oculis
837 2368 902 2435 tuis
924 2369 1019 2437 homo
1047 2369 1210 2453 iugulatur
1225 2375 1258 2435 et

23 2499 56 2551 ao
77 2480 184 2545 siles?
206 2497 262 2543 cur
283 2488 390 2545 autem
412 2485 444 2546 te
466 2479 572 2545 simile
586 2479 790 2544 latrocinium
812 2500 878 2545 non
899 2480 1057 2565 peremit?
1079 2500 1136 2545 cur
1157 2500 1258 2547 saeua

77 2588 257 2656 crudelitas
280 2589 334 2654 uel
354 2596 487 2674 propter
507 2589 662 2655 indicium
685 2590 817 2656 sceleris
839 2591 961 2656 arbitro
982 2592 1152 2676 pepercit?
1179 2610 1256 2674 crgo

77 2699 237 2783 quoniam
259 2700 395 2765 euasisti
416 2706 560 2781 mortem,
583 2719 668 2765 nunc
691 2700 747 2764 illo
770 2692 865 2766 redi'

164 2809 257 2875 Haec
283 2809 461 2875 identidem
489 2830 613 2877 mecum
641 2811 841 2895 replicabam
869 2818 901 2876 et
924 2796 993 2877 nox'
1010 2812 1079 2877 ibat
1101 2811 1135 2875 in
1157 2810 1253 2877 diem.

75 2919 239 3004 optimum
267 2920 378 3004 itaque
405 2921 491 2985 factu
520 2922 625 2987 uisum
654 2928 704 2986 est
725 2922 907 2991 anteluculo
929 2921 1037 2988 furtim
1060 2920 1200 2987 euadere
1223 2928 1255 2986 et
1316 2960 1319 2966 ·

25 3046 55 3094 aa
76 3031 168 3095 uiam
190 3030 268 3095 licet
288 3030 414 3115 trepido
436 3031 574 3114 uestigio
597 3049 779 3114 capessere.
816 3047 907 3097 sumo
930 3032 1124 3097 sarcinulam
1138 3050 1253 3113 meam,

75 3138 212 3206 subdita
227 3140 312 3204 claui
325 3141 475 3225 pessulos
489 3140 618 3206 reduco.
657 3142 699 3207 at'
711 3139 789 3205 illae
806 3140 928 3226 probae
950 3147 983 3206 ct
997 3140 1109 3209 fideles
1124 3143 1252 3219 ianuae,

74 3270 163 3334 quae
186 3268 247 3316 sna
268 3257 383 3335 sponte
404 3259 569 3317 reseratae
590 3255 683 3318 nocte
705 3251 841 3328 fuerant,
864 3250 920 3317 uix
937 3250 1068 3317 tandem
1090 3260 1122 3318 et
1143 3271 1253 3335 aeger-

73 3362 159 3425 rime
183 3366 259 3425 tunc
281 3360 384 3427 clauis
406 3381 485 3427 suae
508 3362 621 3428 crebra
642 3362 841 3429 immissione
862 3361 1029 3446 patefiunt.

2 3486 54 3548 roo]
160 3463 216 3535 ‘Et
237 3469 318 3537 heus
339 3478 375 3536 tu
396 3472 452 3537 ubi
474 3465 545 3538 es?’
570 3464 845 3556 inquam‘ualuas
861 3473 980 3539 stabuli
994 3472 1139 3552 absolue,
1163 3478 1251 3538 ante·
1272 3469 1334 3533 XV

147 3777 278 3831 lemrlsa
303 3777 333 3829 Ρ
422 3775 510 3828 2rc‘a
527 3788 578 3828 mer
604 3791 633 3828 rn
659 3790 713 3829 ros.
746 3775 774 3828 in
801 3775 832 3838 F,
857 3789 956 3842 merc
1051 3774 1201 3873 5lpongrd
1227 3776 1251 3826 F
1323 3836 1326 3843 Ι

72 3875 192 3939 Ἱρθτφι
212 3870 264 3938 pl'
303 3875 448 3938 atqueuna
459 3866 682 3938 Oudendorpias:
701 3866 840 3933 rab-unaF,
857 3867 991 3935 abeunap
1041 3874 1202 3946 manattoplo
1220 3873 1246 3923 ll'

72 3960 292 4031 Sexlhcnerant
313 3962 339 4013 F
421 3968 446 4016 11
468 3942 632 4073 τθΐιάἑηξῇβ,
649 3960 801 4030 relrdentp
872 3965 902 4014 13
920 3962 986 4015 lutro
1004 3962 1029 4012 F
1104 3970 1135 4019 16
1153 3965 1249 4035 denatp

72 4084 178 4141 (tamea
203 4081 255 4136 uic
281 4097 300 4135 n
324 4084 364 4134 cst
386 4080 644 4148 sacrandorum
666 4078 790 4146 (stradd.
819 4085 1040 4149 manescalci
1127 4085 1160 4137 de
1184 4084 1248 4138 add.

72 4190 148 4228 maa.
173 4173 293 4229 arcuada
315 4175 344 4227 ia
361 4175 394 4239 F,
420 4191 471 4228 om.
490 4196 519 4245 φ,
542 4177 571 4229 ia
597 4190 651 4246 qao
673 4173 766 4241 glossa
789 4174 910 4245 morpini
931 4174 1027 4229 addita
1049 4193 1067 4230 1.
1086 4176 1178 4231 deme
1202 4176 1250 4230 fiot

74 4272 107 4321 19
126 4272 210 4321 natus
229 4267 377 4323 Bromios:
395 4270 488 4322 tantus
503 4268 531 4322 F
613 4265 807 4322 callosior
899 4271 930 4321 25
950 4270 1111 4324 laccmulam
1128 4270 1169 4335 F‘,
1194 4269 1248 4324 lar·

71 4360 194 4415 crnulam
212 4380 232 4430 φ
