2934 4900
503 219 576 266 cnr.
599 219 777 266 xv-—xvrrr
1183 205 1222 266 49

58 370 158 436 ιιίιιιιεΔ
177 371 330 452 redirem,
360 371 523 456 conspicio
552 371 712 455 quendam
742 371 895 437 forficulis
922 370 1150 436 adtondentem
1173 391 1223 435 ca-

58 481 163 566 prinos
191 487 288 547 utres.
325 502 405 566 qucs
435 501 506 546 oum
535 482 636 566 probe
663 482 851 548 constrictos
878 481 1071 565 inflatosque
1099 488 1131 546 et
1158 482 1223 546 iarn

58 591 222 675 pendentis
251 610 431 671 cernerem,
464 591 598 676 capillos
632 611 742 656 eorum
775 592 863 656 humi
895 593 1038 658 iacentes
1060 590 1163 656 flauos
1185 611 1223 655 ac

58 721 110 784 per
131 702 192 766 hoo
212 702 262 766 illi
284 693 417 766 Boeotio
438 701 549 768 iuueni
571 696 755 768 consimiles
785 703 948 787 plusculos
970 702 1080 766 aufero
1103 721 1223 785 eosque

31 810 201 876 edominae
232 831 324 886 meae
357 811 563 878 dissimulata
595 812 731 877 ueritate
768 812 870 877 trado.
915 813 962 878 sic
994 812 1097 877 noctis
1130 812 1222 877 initio

59 921 240 1005 priusquam
263 928 397 986 canate
419 922 591 1004 reciperes,
614 921 785 1008 Pamphile
807 943 880 988 mea
901 923 966 986 iam
988 940 1101 992 uecors
1123 922 1223 986 animi

57 1037 166 1094 tectum
189 1031 381 1098 scandulare
404 1032 605 1113 conscendit,
639 1033 724 1114 quod
747 1033 937 1098 altrinsecus
959 1031 1088 1096 aedium
1108 1038 1221 1116 patore

57 1140 210 1224 perflabili
232 1141 387 1206 nudatum
409 1142 451 1206 ad
474 1134 548 1208 oras
571 1144 745 1208 orientales
767 1150 954 1228 ceterosque
981 1150 1131 1226 aspectus
1152 1162 1222 1226 per—

58 1252 136 1314 uium
173 1253 313 1316 maxime
349 1251 401 1318 bis
436 1252 559 1318 artibus
598 1254 665 1318 suis
701 1253 935 1318 commodatum
973 1259 1094 1318 secreto
1137 1254 1220 1317 colit.

20 1383 43 1431 ro
57 1361 202 1446 priusque
238 1369 398 1446 apparatu
441 1363 535 1428 solito
570 1363 701 1428 instruit
735 1364 866 1428 feralem
903 1364 1078 1443 officinam,
1106 1348 1221 1428 'omne

56 1491 149 1553 genus
186 1473 339 1538 aromatis
377 1480 409 1538 ct
444 1473 666 1556 ignorabiliter
694 1459 864 1539 'lamminis
906 1475 1055 1540 litteratis
1099 1481 1135 1556 et¹
1172 1474 1219 1538 in-

57 1582 187 1648 felicium
221 1583 353 1648 nauium
388 1581 579 1649 durantibus
614 1584 758 1666 damnis,
787 1583 991 1665 defletorum,
1023 1586 1218 1669 sepultorum

56 1692 142 1755 etiam
177 1693 372 1758 cadauerum
405 1693 559 1777 expositis
598 1693 707 1759 multis
743 1693 915 1759 admodum
949 1695 1111 1761 membris.
1167 1695 1220 1759 blo

56 1821 141 1868 nares
156 1809 189 1868 et
204 1802 306 1886 digiti,
329 1805 395 1868 illic
418 1803 545 1868 carnosi
561 1803 645 1868 claui
659 1803 876 1888 pendentium,
892 1805 972 1869 alibi
989 1803 1218 1870 trucidatorum

21 1929 42 1976 tt
57 1918 193 1978 seruatus
223 1934 316 1978 cruor
345 1920 376 1978 et
412 1919 537 1978 extorta
571 1913 719 1980 dentibus
755 1915 896 1978 ferarum
924 1922 1037 1978 trunca
1066 1916 1219 1995 caluaria.

55 2031 120 2089 tunc
154 2025 336 2091 decantatis
373 2023 570 2108 spirantibus
613 2024 702 2090 fibris
727 2026 809 2089 litat
845 2027 936 2088 uario
979 2026 1091 2106 latice,
1135 2045 1220 2090 nuno
1243 2023 1351 2086 XVIII

56 2155 119 2200 rore
139 2136 287 2217 lontano,
320 2153 404 2198 nunc
426 2134 509 2198 lacte
539 2136 687 2213 uaccino,
718 2154 803 2199 nnnc
825 2136 920 2199 melle
942 2141 1108 2209 montano,
1140 2135 1220 2198 libat

56 2252 82 2308 et
100 2247 212 2312 rnulsa.
251 2246 299 2310 sio
321 2244 394 2308 illos
417 2245 552 2328 capillos
574 2245 608 2308 in
630 2251 756 2310 mutuos
778 2265 882 2310 nexus
897 2245 1024 2310 obditos
1047 2252 1143 2330 atque
1165 2265 1220 2309 no-

57 2353 139 2420 datos
173 2375 245 2420 cum
279 2354 386 2420 multis
421 2353 572 2419 odoribus
605 2354 661 2420 dat
689 2356 775 2420 uiuis
807 2354 1001 2420 carbonibus
1030 2355 1208 2422 adolendos

20 2470 120 2529 totum
148 2466 296 2551 protinus
323 2466 567 2549 inexpugnabili
595 2466 740 2549 magicae
769 2466 962 2550 disciplinae
994 2472 1153 2551 potestate
1187 2474 1219 2532 et

56 2593 140 2641 caeca
161 2578 328 2641 numinum
351 2583 531 2641 coactorum
547 2576 702 2641 uiolentia
724 2576 781 2641 illa
803 2595 946 2661 corpora,
970 2578 1219 2661 quorumluma·

55 2684 122 2749 bant
143 2686 318 2753 stridentes
341 2686 465 2771 capilli,
490 2686 635 2769 spiritum
659 2693 844 2751 mutuantur
866 2687 1062 2764 [humanum]
1085 2694 1117 2751 ct
1148 2707 1219 2753 sen—

56 2796 126 2861 tiunt
153 2803 186 2862 et
214 2796 350 2861 audiunt
379 2803 410 2860 et
438 2797 605 2860 ambulant
632 2803 664 2861 et
692 2817 756 2880 qua
788 2796 882 2861 nidor
915 2818 1047 2862 suarum
1079 2797 1218 2862 ducebat
1253 2855 1257 2862 .

57 2907 234 2972 exquarum
250 2907 383 2970 ueniunt
406 2913 437 2971 ct
458 2926 517 2991 pro
539 2906 595 2972 illo
617 2907 734 2971 iuuene
749 2907 881 2972 Boeotio
904 2907 1026 2971 aditum
1041 2908 1218 2989 gestientes

20 3021 42 3071 ²5
56 3015 128 3083 iores
151 3016 308 3083 insiliunt.
346 3036 417 3081 oum
440 3036 513 3083 ecce
536 3017 668 3101 crapula
690 3016 825 3083 madens
848 3025 880 3081 ct
901 3013 1092 3101 inprouidae
1114 3018 1219 3081 noctis

58 3124 199 3210 deceptus
223 3125 361 3208 caligine
384 3125 538 3191 audacter
560 3145 712 3191 mucrone
726 3125 878 3193 destricto
900 3127 935 3192 in
957 3128 1065 3192 insani
1087 3125 1216 3191 modurn

55 3234 152 3302 Aiacis
167 3242 312 3301 armatus
328 3256 392 3300 non
415 3245 449 3302 ut
471 3238 526 3303 ille
540 3237 626 3302 uiuis
648 3237 819 3321 pecoribus
840 3237 976 3303 infestus
999 3243 1067 3301 tota
1081 3237 1219 3301 laniauit

55 3355 189 3413 armenta
212 3346 270 3412 sed
293 3347 387 3429 longe
405 3347 528 3428 lortius,
552 3348 606 3432 qui
629 3353 693 3413 tres
716 3347 845 3413 inflatos
867 3347 1016 3431 caprinos
1033 3354 1120 3413 utres
1143 3366 1217 3411 exa-

114 3708 124 3755 l
144 3689 305 3759 attondente
331 3706 360 3753 at
387 3698 443 3753 uid.
461 3700 499 3752 F⁴
592 3705 608 3753 4
627 3732 636 3753 ι
653 3736 663 3753 ι
681 3700 774 3755 aufero
793 3700 821 3753 F
901 3705 915 3747 7
936 3699 1092 3779 scandulare
1114 3700 1154 3753 sio
1172 3700 1216 3767 Fp

55 3801 137 3860 patore
161 3795 306 3863 (liberatae
322 3794 384 3864 fere
402 3791 536 3845 euouidao
553 3796 653 3847 massis
675 3794 801 3848 ductibus
817 3794 938 3864 refectae
954 3800 1028 3851 suat>
1047 3799 1078 3845 ut
1094 3794 1152 3847 uid.
1184 3794 1215 3858 F,

54 3894 163 3959 paterep
236 3894 266 3943 ,8
284 3885 416 3957 perflabrh
437 3885 463 3948 (b
482 3901 552 3939 corr.
572 3892 604 3941 ut
621 3887 676 3942 uid.
705 3904 743 3941 ex
760 3904 778 3939 u
799 3904 816 3940 a
837 3903 890 3941 rec.
909 3899 1003 3951 mortu)
1022 3886 1053 3948 F,
1071 3885 1169 3954 pfiatrh
1195 3907 1216 3953 p

54 3981 107 4035 orel
123 3980 346 4055 Oudendorprtcr:
363 3988 411 4040 oct
426 3986 458 4051 F,
477 3984 579 4051 οιιῖιΐφ
660 3985 689 4035 18
707 3980 819 4033 mulla·
839 3980 903 4049 tfut't
919 3985 931 4030 t
948 3985 980 4031 ut
996 3978 1062 4043 uid.)
1082 3980 1113 4043 F,
1132 3980 1216 4031 mulla

54 4091 70 4137 φ
132 4079 275 4131 immutuol
290 4078 321 4141 F,
339 4082 491 4148 imutuolp
570 4081 601 4129 21
621 4080 684 4129 oute
702 4067 812 4127 numrnb
829 4072 941 4126 inducto
959 4073 1041 4140 nulmr
1059 4073 1086 4125 to
1105 4072 1137 4135 F,
1155 4086 1214 4140 nug-

55 4164 117 4221 mmb
133 4172 212 4224 otiam
231 4190 250 4239 φ
336 4177 368 4225 22
387 4174 477 4242 oaprllr
496 4203 505 4224 ι
522 4172 588 4241 (suit
606 4172 625 4230 lt
644 4168 675 4232 F,
695 4166 822 4235 caprlhp
893 4166 969 4234 Γριῑιιι
988 4169 1048 4230 (ur,
1070 4164 1122 4218 boe
1145 4166 1215 4217 enim

51 4262 167 4325 primitur
188 4264 277 4334 fuisse
300 4266 423 4331 uidetur,
448 4282 518 4321 corr.
544 4265 571 4319 tu
596 4268 630 4328 m)
657 4262 684 4315 F
760 4261 906 4313 humanum
933 4258 1023 4312 (telem
1118 4262 1151 4310 24
1169 4274 1214 4311 ex-

57 4352 141 4409 ubrarb
157 4356 185 4409 F

99 4451 214 4495 rerumve
