2934 4900
195 234 254 295 172
682 241 776 287 niani
797 237 870 285 vuu

191 401 312 465 berans
330 391 379 463 ‘tu
401 388 515 463 autem'
536 394 640 479 inquit
659 387 738 459 ‘tam
760 393 867 458 mollis
882 410 921 457 ac
935 396 1026 456 tener
1042 396 1074 455 et
1085 389 1257 455 admodum
1279 409 1365 473 puer

192 508 391 575 defraudatis
414 506 611 573 amatoribus
634 504 752 570 aetatis
766 514 841 567 tuae
863 502 941 567 flore
956 503 1107 567 mulieres
1122 504 1250 589 adpetis
1265 514 1369 591 atque

193 640 250 687 eas
272 620 393 685 liberas
415 626 447 684 et
468 615 607 683 conubia
627 617 699 699 lege
714 614 837 679 sociata
852 614 1036 697 corrumpis
1052 622 1084 679 et
1097 614 1365 700 intempestqum

191 731 250 795 tibi
273 749 390 795 nomen
413 727 539 793 adulter
560 716 741 791 uindicas‘t’
1361 804 1364 811 1

277 841 336 907 His
364 847 395 905 et
422 838 570 924 pluribus
599 836 708 902 uerbis
745 835 968 918 compellatum
1003 842 1035 899 et
1064 836 1197 919 insuper
1225 838 1363 905 adfatim
1386 844 1404 890 5

191 952 298 1039 plagis
340 951 531 1031 castigatum
574 948 752 1013 fomnsecus
799 946 906 1010 abicit.
964 924 999 1008 'at
1041 946 1097 1011 ille
1142 947 1367 1016 adulterorum

190 1063 330 1129 omnium
374 1059 569 1125 fortissimus
611 1058 778 1141 insperata
817 1056 937 1139 potitus
978 1056 1081 1122 salute
1117 1064 1226 1123 tamen
1269 1070 1366 1129 nates

190 1171 347 1241 candidas
374 1172 448 1237 illas
476 1176 572 1235 noctu
600 1167 720 1251 diuque
748 1167 896 1251 diruptus
925 1185 1074 1233 maerens
1088 1168 1252 1253 profugit.
1303 1191 1368 1237 nec
1461 1172 1462 1235 l

191 1285 292 1351 setius
320 1284 423 1368 pistor
455 1282 511 1346 ille
543 1280 690 1345 nuntium
718 1278 843 1343 remisit
869 1278 960 1343 uxori
983 1296 1119 1362 eamque
1151 1282 1298 1362 protinus
1321 1282 1366 1348 de

39 1398 195 1465 XXVIIII
216 1416 277 1461 sua
307 1391 517 1479 proturbabit.
541 1388 645 1454 domo.
690 1396 724 1453 at
746 1388 803 1452 illa
825 1395 953 1473 praeter
983 1388 1157 1470 genuinam
1186 1392 1367 1474 nequitiam
1389 1405 1419 1453 ro

191 1504 385 1572 contumelia
412 1503 510 1568 etiam
539 1500 688 1584 quamuis
716 1500 802 1565 iusta
831 1506 938 1563 tamen
968 1500 1065 1565 altius
1088 1510 1245 1565 commota
1266 1510 1368 1587 atque

191 1595 386 1699 exasperata
408 1613 450 1679 ad
472 1612 633 1677 armillum
655 1610 826 1675 reuertitur
850 1616 882 1674 ct
909 1609 950 1675 ad
973 1610 1147 1677 familiares
1169 1610 1366 1678 feminarum

189 1733 278 1793 artes
301 1722 486 1791 accenditur
507 1739 690 1806 magnaque
712 1740 790 1785 cura
812 1720 1000 1804 requisitam
1015 1721 1238 1787 ueteratrioem
1261 1724 1369 1807 quan·
1462 1736 1463 1783 r

191 1838 266 1903 dam
288 1836 448 1915 feminam,
479 1851 563 1916 quac
586 1830 810 1897 deuotionibus
834 1849 872 1894 ac
894 1831 1062 1898 maleficiis
1083 1832 1212 1915 quiduis
1235 1834 1368 1901 efficere

190 1965 286 2033 posse
308 1945 512 2019 credebatur,
529 1943 650 2010 'multIs
674 1948 786 2007 exorat
806 1941 957 2026 precibus
980 1943 1152 2025 multisque
1175 1944 1369 2011 suffarcinat
1389 1948 1418 1996 1⁵

190 2057 377 2123 muneribus
405 2055 540 2119 alterum
568 2054 610 2119 de
639 2052 764 2118 duobus
793 2052 961 2136 postulans
989 2054 1041 2117 uel
1068 2074 1193 2119 rursum
1216 2056 1368 2139 mitigato

190 2160 356 2233 conciliari
389 2166 503 2229 marito
533 2166 585 2229 uel
614 2164 642 2230 si
671 2162 705 2228 id
735 2163 932 2247 nequinont,
956 2170 1042 2229 certe
1063 2164 1157 2229 larua
1179 2166 1231 2230 uel
1254 2167 1368 2250 aliquo

190 2280 259 2344 diro
282 2276 414 2343 numine
436 2275 581 2341 immisso
604 2274 761 2339 uiolenter
783 2275 852 2339 cius
875 2274 1056 2357 expugnari
1086 2276 1242 2359 spiritum.
1287 2284 1368 2343 tunc

190 2409 271 2472 saga
303 2388 361 2452 illa
397 2392 429 2451 et
465 2383 566 2450 diuini
603 2391 718 2470 potens
754 2384 867 2470 primis
897 2383 1002 2448 adhuc
1031 2385 1130 2453 armis
1159 2386 1367 2454 facinorosae

141 2528 143 2534 ·
188 2498 383 2581 disciplinae
404 2515 484 2562 suaa
514 2497 666 2574 uelitatur
688 2505 719 2560 et
741 2496 949 2562 uehementer
978 2497 1137 2563 offensum
1166 2499 1273 2562 mariti
1303 2499 1364 2564 fie-
1387 2492 1419 2542 ²⁰

190 2617 276 2675 ctcre
304 2608 400 2691 atque
428 2608 462 2671 in
490 2626 630 2672 amorem
653 2609 820 2690 impellere
848 2614 981 2671 conatur
1008 2607 1159 2674 animum.
1205 2627 1368 2691 quaeres

189 2741 260 2785 cum
284 2720 314 2784 ei
338 2718 468 2801 sequius
491 2737 529 2783 ac
551 2727 623 2783 rata
643 2718 749 2800 fuerat
769 2717 963 2801 proueniret,
986 2717 1156 2800 indignata
1177 2719 1367 2785 numinibus

190 2839 222 2897 ct
244 2836 373 2915 praeter
394 2829 532 2911 praemii
553 2827 751 2893 destinatum
766 2827 990 2912 compendium
1005 2829 1242 2913 contemptione
1265 2829 1368 2894 etiam
1464 2879 1465 2894 2

191 2941 355 3008 stimulata
378 2916 452 3024 ¹ipsi
485 2940 551 3004 iam
580 2938 752 3004 miserrimi
781 2938 897 3003 mariti·
921 2939 1034 3023 incipit
1061 2939 1230 3005 imminere
1263 2941 1366 3024 capiti
1460 2915 1465 2934 ¹

190 3053 399 3133 umbramque
429 3051 587 3115 uiolenter
614 3055 801 3133 peremptae
829 3049 973 3116 mulieris
997 3048 1040 3114 ad
1068 3050 1199 3115 exitium
1222 3049 1293 3116 cius
1318 3052 1368 3115 in·
1386 3057 1417 3106 25

192 3158 323 3245 stigare.

73 3279 170 3344 XXX
277 3270 342 3336 Sed
375 3271 510 3336 forsitan
545 3269 644 3335 lector·
678 3272 885 3355 scrupulosus
921 3269 1163 3356 reprehendens
1195 3276 1367 3335 narratum

192 3403 298 3448 meum
321 3382 367 3447 sic
389 3380 666 3464 argumentaberis
686 3377 785 3447 ‘unde
800 3389 905 3447 autem
928 3389 971 3463 tu,
996 3382 1135 3448 astutule
1151 3381 1252 3462 asine,
1277 3381 1369 3446 intra

191 3492 345 3558 terminos
372 3492 501 3575 pistrini
524 3497 695 3574 contectus,
727 3492 804 3575 quid
833 3500 955 3558 secreto
977 3500 1012 3557 ut
1034 3492 1187 3556 adfirmas
1210 3490 1368 3557 mulieres

155 3633 158 3639 ·
191 3604 352 3687 gesserint
374 3602 456 3668 scire
478 3593 640 3684 potuide
680 3601 790 3687 accipe
812 3601 910 3686 igitur
932 3622 1028 3686 quern
1050 3603 1093 3668 ad
1115 3601 1244 3667 modum
1266 3601 1366 3666 homo
1387 3613 1416 3662 30

192 3714 345 3780 curiosus.
373 3713 507 3778 iumenti
540 3712 654 3784 faciem
686 3712 848 3778 sustinens
877 3721 993 3778 cuncta
1014 3723 1096 3797 quae
1123 3713 1158 3778 in
1185 3712 1367 3797 perniciem

192 3824 323 3908 pistoris
345 3823 408 3888 mei
431 3831 524 3904 gesta
547 3828 622 3888 sunt
642 3824 788 3906 cognoui.
1387 3836 1447 3908 [231]

276 3934 371 3998 Diem
393 3933 492 3998 ferme
514 3929 599 3998 circa
620 3933 762 4000 mediam
783 3941 915 4018 repente
942 3935 1027 3999 intra
1055 3933 1225 4020 pistrinum
1248 3933 1369 3998 mulier
1464 4007 1465 4010 Ἴ

191 4052 284 4111 reatu
305 4043 449 4126 miraque
471 4042 598 4108 tristitie
628 4044 781 4112 deformis
808 4045 958 4129 apparuit
979 4044 1079 4110 flebili
1101 4043 1290 4110 centunculo
1314 4062 1369 4109 se·
1451 4017 1456 4034 Ι

260 4287 276 4336 8
293 4281 460 4350 diruptulp:
478 4280 589 4347 dirrupt·
607 4279 635 4334 F
718 4284 748 4333 Π
767 4281 844 4334 larua
853 4281 904 4350 sp:
922 4280 1031 4334 larbaF
1119 4281 1150 4333 23
1168 4281 1305 4332 otenbone
1316 4275 1365 4346 Fp

192 4381 225 4431 28
243 4374 439 4444 arguffitauerrl
454 4375 490 4427 F*
577 4379 609 4427 29
628 4378 770 4428 contentus
787 4375 871 4446 aalyo
