2934 4900
517 243 590 290 cnr.
613 243 817 293 xviri—xxm
1185 236 1244 296 147

64 411 136 457 rem
172 393 391 459 incantantem
420 396 583 477 sepiculae
612 404 814 464 consectatur
842 399 1001 483 arripere,
1032 398 1186 482 delapsus
1209 402 1243 466 in

64 503 247 586 proximam
277 504 420 585 foueam,
449 525 533 589 quae
560 507 727 573 fruticibus
756 509 831 575 imis
853 509 1019 594 subpatet‚
1041 509 1076 574 in
1098 518 1242 576 extremo

64 613 133 676 iam
154 614 242 678 uitae
265 614 411 680 consistit
432 616 576 699 periculo
591 618 712 702 quippo
727 638 799 682 cum
814 619 856 684 de
876 619 954 685 fletu
976 640 1015 686 ac
1036 639 1116 686 uoce
1137 621 1243 705 ipsius

63 743 163 788 auum
186 723 249 790 sibi
272 724 437 810 saepicule
465 726 660 792 clamitantis
688 729 800 794 uiuere
828 730 919 794 illum
941 730 1070 814 quidem
1093 733 1240 812 sentiam,

33 833 127 900 5sed
147 853 205 918 per
226 835 385 918 corporis,
408 839 443 900 ut
464 835 600 920 uidetis,
639 839 702 903 mei
724 838 882 905 defectam
903 841 1115 907 ualitudinem
1138 841 1242 924 opitu·

63 945 130 1009 lari
150 964 321 1028 nequeam.
366 951 400 1010 at
429 946 522 1011 uobis
549 949 666 1014 aetatis
695 955 727 1014 et
753 949 877 1015 roboris
898 951 1054 1016 beneficio
1076 952 1171 1016 facile
1192 959 1244 1016 est

66 1057 245 1140 subpetiari
281 1056 459 1122 miserrimo
490 1057 561 1123 seni
590 1078 790 1143 puerumque
821 1061 912 1125 illum
939 1061 1150 1128 nouissimum
1173 1081 1241 1128 suc-

64 1167 224 1234 cessionis
247 1185 339 1232 meae
361 1172 458 1248 atquc
479 1167 607 1237 unicam
630 1168 762 1254 stirpem
785 1171 938 1255 sospitem
960 1172 1038 1236 mihi
1060 1166 1186 1237 faeere?

153 1279 208 1343 Sic
230 1276 433 1361 deprecantis
462 1295 618 1361 suamque
646 1280 798 1345 canitiem
831 1279 1041 1348 distrahentis
1069 1288 1153 1348 totos
1175 1283 1242 1366 qui·
1265 1269 1348 1333 XXI

22 1401 48 1449 ro
65 1387 140 1452 dein
162 1387 318 1453 miseruit.
341 1387 504 1454 sedunus
526 1409 605 1472 prae
627 1389 741 1456 ceteris
764 1397 797 1456 et
817 1393 926 1457 animo
947 1393 1058 1457 fortior
1080 1398 1113 1457 et
1133 1398 1241 1458 aetate

63 1497 215 1564 iuuenior
230 1505 262 1564 et
276 1516 412 1582 corpore
426 1497 566 1564 ualidior
588 1500 705 1584 quique
728 1501 817 1566 solus
832 1509 961 1585 praeter
975 1502 1057 1568 alios
1071 1503 1240 1567 incolumis

65 1609 225 1693 proelium
249 1609 397 1693 superius
419 1616 579 1693 euaserat,
603 1612 731 1692 exurgit
752 1613 862 1676 alacer
883 1618 915 1677 et
937 1619 1142 1697 percontatus
1164 1633 1241 1696 quo-

66 1739 141 1783 nam
165 1718 227 1784 loci
248 1738 328 1803 puer
355 1719 410 1784 ille
440 1719 622 1803 decidissit,
594 1726 890 1788 tmonstrantem
920 1722 1021 1807 digito
1051 1743 1116 1787 non
1144 1709 1240 1805 longe

67 1830 199 1896 frutices
222 1827 369 1895 horridos
393 1849 504 1895 senem
526 1830 647 1894 illum
639 1833 766 1915 inpigre
798 1833 927 1898 comitet
929 1854 974 1898 ur.
1019 1852 1058 1898 ac
1085 1833 1161 1898 dum
1184 1853 1239 1918 pa-

10 1898 49 2028 :1¹11
37 1913 143 2005 bulo
165 1946 275 2006 nostro
297 1959 421 2024 suaque
443 1959 520 2005 cura
542 1941 651 2006 retecti
673 1943 844 2008 sarcinulis
865 1943 1002 2029 quisque
1016 1943 1151 2026 sumptis
1173 1944 1239 2007 suis

66 2051 154 2115 uiarn
171 2056 355 2134 capessunt,
334 2051 518 2115 telamore
540 2051 678 2135 primurn
693 2052 882 2117 nominatim
897 2053 1019 2118 cientes
1040 2053 1162 2118 illum
1153 2073 1241 2118 rune-

66 2179 140 2225 nem
163 2161 348 2244 frequenter
368 2161 559 2244 inclamant,
589 2181 664 2226 mox
692 2161 774 2227 hora
796 2163 922 2228 diutina
943 2164 1091 2228 commoti
1112 2163 1241 2228 mittunt

67 2291 84 2334 e
108 2273 178 2336 suis
199 2270 421 2337 arcessitorem
443 2292 541 2336 unum
564 2273 618 2356 qui
648 2273 836 2356 requisitum
859 2274 1006 2351 comitem
1029 2273 1240 2358 tempestiuae
1327 2359 1333 2364 ἡ

24 2387 50 2434 20
66 2381 141 2446 uiae
164 2381 448 2446 commonefactum
476 2382 652 2448 reduceret.
697 2389 731 2447 at
758 2384 813 2448 ille
839 2383 1000 2448 modicum
1028 2389 1241 2448 commoratus

66 2494 164 2557 refert
187 2512 259 2558 sese
281 2492 416 2558 buxanti
438 2494 562 2577 pallore
584 2493 744 2577 trepidus,
773 2497 855 2560 mira
885 2516 983 2580 super
1004 2512 1159 2561 conseruo
1182 2515 1241 2561 suo

66 2603 240 2667 renuntiat.
264 2603 482 2688 conspicatum
498 2624 534 2669 se
549 2605 668 2691 quippe
684 2608 835 2690 supinato
850 2607 899 2671 illi
914 2606 1026 2673 ctiam
1042 2625 1082 2671 ex
1097 2606 1241 2670 maxima

66 2722 159 2797 parte
182 2719 370 2797 consumpto
391 2706 564 2780 im'nranem
588 2713 763 2781 draconem
778 2717 985 2782 mandentem
1007 2716 1159 2782 insistere
1180 2734 1240 2779 nec
1314 2738 1319 2746 ¹

58 2825 167 2916 pullum
200 2843 336 2907 usquam
373 2825 587 2890 miserrimum
615 2844 725 2891 senem
754 2846 938 2911 comparere
967 2827 1067 2891 illurn.
1112 2846 1175 2909 qua
1204 2844 1239 2889 rc

23 2944 48 2993 ai
66 2934 196 3018 cognita
218 2940 249 2999 et
271 2952 342 2999 cum
364 2934 504 3018 pastoris
528 2955 674 3001 sermone
690 2937 828 3019 conlata,
852 2938 993 3021 quicum
1008 2956 1140 3021 prorsus
1156 2934 1240 2999 bunc

66 3047 156 3109 illum
179 3062 239 3109 nec
261 3045 361 3109 alium
383 3046 525 3109 locorum
553 3046 745 3129 inquilinum
767 3048 1046 3131 praeminabatur,
1075 3045 1239 3130 pestilenti

67 3156 197 3221 deserta
233 3155 366 3238 regione
402 3155 554 3220 uelociori
583 3176 618 3221 se
646 3158 723 3240 luga
751 3158 931 3242 proripiunt
958 3176 1082 3241 nosque
1113 3156 1238 3243 pellunt

68 3265 189 3331 crebris
226 3265 398 3331 tundentes
428 3266 573 3331 fustibus.
619 3267 784 3332 celerrime
813 3266 954 3350 denique
988 3267 1085 3350 longo
1122 3267 1238 3331 itinere
1260 3264 1361 3329 XXII

68 3376 212 3441 confecto
233 3394 352 3458 pagum
381 3374 541 3459 quendam
571 3377 755 3443 accedimus
784 3378 894 3462 ibique
922 3384 1021 3442 totam
1043 3366 1240 3461 perquiesciss

24 3490 51 3537 ³⁰³
43 3496 136 3553 mus
159 3492 303 3567 noctem,
333 3486 388 3549 ubi
416 3492 511 3571 coept
511 3506 564 3549 um
587 3487 711 3553 facinus
735 3488 854 3573 oppido
877 3488 1086 3553 memorabile
1108 3506 1242 3552 narrare

67 3598 171 3682 cupio.

133 3814 149 3861 5
169 3794 359 3878 ualetudmdf
440 3811 470 3859 td
487 3806 610 3872 fortiora,
636 3823 661 3860 rr
679 3823 750 3861 corr.
768 3824 787 3860 a
802 3822 854 3859 sec.
871 3822 953 3860 manu
969 3808 997 3860 ia
1014 3824 1027 3859 r
1045 3811 1118 3868 (rtrum
1141 3820 1242 3857 rasura

68 3900 163 3955 [triade
180 3902 219 3954 cit
236 3902 354 3967 (tudites)
373 3900 405 3966 F,
423 3900 557 3968 fortiorp
647 3904 676 3953 12
695 3895 751 3967 plrir
769 3900 797 3952 F
879 3904 911 3952 ‘24
928 3896 1054 3954 mrlerrnir
1071 3900 1114 3967 Fp
1209 3901 1240 3948 25

68 4012 85 4061 q
101 3991 154 4048 eud
171 3995 224 4061 prb
245 3993 248 4061 Ι
268 3993 340 4048 hunc
358 3989 466 4047 illdncc
484 3990 540 4047 alili
559 3989 658 4048 cocorir
675 3988 779 4061 mqlmb
796 3993 940 4059 pmrnebai
958 3993 986 4057 Γ
1002 3999 1118 4049 crucuml
1129 3990 1241 4044 traducto

69 4088 94 4138 e'n
112 4088 144 4151 F,
162 4105 180 4155 q
198 4094 250 4141 euri
267 4086 321 4155 prb
345 4087 398 4140 hr‘rc
416 4087 463 4140 rllu
481 4103 531 4141 nee
549 4089 604 4141 alul
625 4088 630 4157 l
649 4093 743 4147 cocott
760 4082 843 4155 iqlmir
866 4087 1009 4154 pmrnebai
1033 4104 1088 4140 non
1105 4084 1193 4138 deleta
1212 4084 1240 4134 ia

70 4199 96 4247 p,
114 4196 150 4235 aa
176 4180 222 4248 qui
248 4195 360 4233 saeuum
377 4196 488 4248 prorsus
511 4181 584 4235 hunc
603 4182 686 4247 [illurn
710 4180 771 4249 nec]
796 4194 910 4247 anguem
934 4180 1055 4233 locorum
1078 4176 1239 4246 inquilinum

69 4274 286 4341 praeminabatur
302 4273 491 4328 scribendum?
577 4279 609 4330 28
628 4276 750 4329 eelerune
765 4271 832 4326 uate
856 4272 991 4327 securrdoe
1017 4287 1086 4326 mco.
1105 4286 1176 4324 corr.
1195 4270 1239 4337 Fp

69 4374 98 4420 :td
117 4364 197 4438 ceptlr
216 4368 244 4422 F

987 4453 1033 4501 tc*
