<?xml version="1.0" encoding="UTF-8"?>
<!DOCTYPE html PUBLIC "-//W3C//DTD XHTML 1.0 Transitional//EN"
    "http://www.w3.org/TR/xhtml1/DTD/xhtml1-transitional.dtd">
<html xmlns="http://www.w3.org/1999/xhtml" xml:lang="en" lang="en">
 <head>
  <title>
</title>
<meta http-equiv="Content-Type" content="text/html;charset=utf-8" />
  <meta name='ocr-system' content='tesseract 3.04.00' />
  <meta name='ocr-capabilities' content='ocr_page ocr_carea ocr_par ocr_line ocrx_word'/>
</head>
<body>
  <div class='ocr_page' id='page_1' title='image "./metamorphoseonl00eyssgoog/metamorphoseonl00eyssgoog_0148.png"; bbox 0 0 2934 4900; ppageno 0'>
   <div class='ocr_carea' id='block_1_1' title="bbox 234 170 899 231">
    <p class='ocr_par' dir='ltr' id='par_1_1' title="bbox 234 170 899 231">
     <span class='ocr_line' id='line_1_1' title="bbox 234 170 899 231; baseline -0.003 -2"><span class='ocrx_word' id='word_1_1' title='bbox 234 170 293 231; x_wconf 78' lang='lat'><strong>136</strong></span> <span class='ocrx_word' id='word_1_2' title='bbox 722 183 815 229; x_wconf 79' lang='lat' dir='ltr'><strong>nunni</strong></span> <span class='ocrx_word' id='word_1_3' title='bbox 836 182 899 229; x_wconf 86' lang='lat' dir='ltr'><strong>vrn</strong></span> 
     </span>
    </p>
   </div>
   <div class='ocr_carea' id='block_1_2' title="bbox 123 332 1431 3734">
    <p class='ocr_par' dir='ltr' id='par_1_2' title="bbox 123 332 1416 2298">
     <span class='ocr_line' id='line_1_2' title="bbox 123 332 1387 426; baseline -0.002 -28"><span class='ocrx_word' id='word_1_4' title='bbox 123 420 126 426; x_wconf 68' lang='lat'><em>,</em></span> <span class='ocrx_word' id='word_1_5' title='bbox 151 336 210 399; x_wconf 93' lang='lat' dir='ltr'><strong>llll</strong></span> <span class='ocrx_word' id='word_1_6' title='bbox 316 336 378 402; x_wconf 92' lang='lat' dir='ltr'><strong>Die</strong></span> <span class='ocrx_word' id='word_1_7' title='bbox 401 336 539 420; x_wconf 87' lang='lat' dir='ltr'><strong>quadarn</strong></span> <span class='ocrx_word' id='word_1_8' title='bbox 562 341 713 400; x_wconf 88' lang='lat' dir='ltr'><strong>uenatum</strong></span> <span class='ocrx_word' id='word_1_9' title='bbox 737 335 943 420; x_wconf 80' lang='lat' dir='ltr'>Tlepolemus</span> <span class='ocrx_word' id='word_1_10' title='bbox 964 339 1131 418; x_wconf 87' lang='lat' dir='ltr'><strong>assumpto</strong></span> <span class='ocrx_word' id='word_1_11' title='bbox 1153 332 1322 416; x_wconf 82' lang='lat' dir='ltr'><strong>Thrasyllo</strong></span> <span class='ocrx_word' id='word_1_12' title='bbox 1343 351 1387 415; x_wconf 89' lang='lat' dir='ltr'><strong>pe·</strong></span> 
     </span>
     <span class='ocr_line' id='line_1_3' title="bbox 222 443 1387 529; baseline -0.003 -21"><span class='ocrx_word' id='word_1_13' title='bbox 222 448 319 512; x_wconf 87' lang='lat' dir='ltr'><strong>tcbat</strong></span> <span class='ocrx_word' id='word_1_14' title='bbox 339 446 551 529; x_wconf 84' lang='lat' dir='ltr'><strong>indagaturus</strong></span> <span class='ocrx_word' id='word_1_15' title='bbox 573 445 669 510; x_wconf 87' lang='lat' dir='ltr'><strong>feras.</strong></span> <span class='ocrx_word' id='word_1_16' title='bbox 704 445 781 529; x_wconf 93' lang='lat' dir='ltr'><strong>quid</strong></span> <span class='ocrx_word' id='word_1_17' title='bbox 808 451 917 510; x_wconf 86' lang='lat' dir='ltr'><strong>tamen</strong></span> <span class='ocrx_word' id='word_1_18' title='bbox 945 446 979 510; x_wconf 92' lang='lat' dir='ltr'><strong>in</strong></span> <span class='ocrx_word' id='word_1_19' title='bbox 1007 445 1132 529; x_wconf 89' lang='lat' dir='ltr'><strong>capreis</strong></span> <span class='ocrx_word' id='word_1_20' title='bbox 1159 443 1296 510; x_wconf 83' lang='lat' dir='ltr'><strong>feritatis</strong></span> <span class='ocrx_word' id='word_1_21' title='bbox 1321 444 1387 507; x_wconf 81' lang='lat' dir='ltr'><strong>est?</strong></span> 
     </span>
     <span class='ocr_line' id='line_1_4' title="bbox 232 552 1387 642; baseline -0.005 -20"><span class='ocrx_word' id='word_1_22' title='bbox 232 577 292 624; x_wconf 87' lang='lat' dir='ltr'><strong>nec</strong></span> <span class='ocrx_word' id='word_1_23' title='bbox 314 556 401 642; x_wconf 90' lang='lat' dir='ltr'><strong>enim</strong></span> <span class='ocrx_word' id='word_1_24' title='bbox 424 555 553 621; x_wconf 83' lang='lat' dir='ltr'>Charite</span> <span class='ocrx_word' id='word_1_25' title='bbox 582 556 731 621; x_wconf 90' lang='lat' dir='ltr'><strong>maritum</strong></span> <span class='ocrx_word' id='word_1_26' title='bbox 762 577 854 622; x_wconf 90' lang='lat' dir='ltr'><strong>suum</strong></span> <span class='ocrx_word' id='word_1_27' title='bbox 882 574 1039 638; x_wconf 79' lang='lat' dir='ltr'><strong>quaerere</strong></span> <span class='ocrx_word' id='word_1_28' title='bbox 1067 553 1250 638; x_wconf 87' lang='lat' dir='ltr'><strong>patiebatur</strong></span> <span class='ocrx_word' id='word_1_29' title='bbox 1278 552 1387 618; x_wconf 88' lang='lat' dir='ltr'><strong>bestias</strong></span> 
     </span>
     <span class='ocr_line' id='line_1_5' title="bbox 233 649 1387 750; baseline -0.006 -18"><span class='ocrx_word' id='word_1_30' title='bbox 233 673 373 734; x_wconf 88' lang='lat' dir='ltr'><strong>armatas</strong></span> <span class='ocrx_word' id='word_1_31' title='bbox 403 665 498 732; x_wconf 88' lang='lat' dir='ltr'><strong>dente</strong></span> <span class='ocrx_word' id='word_1_32' title='bbox 531 667 583 732; x_wconf 88' lang='lat' dir='ltr'><strong>u&#39;el</strong></span> <span class='ocrx_word' id='word_1_33' title='bbox 612 649 719 732; x_wconf 78' lang='lat' dir='ltr'><strong>cornu.</strong></span> <span class='ocrx_word' id='word_1_34' title='bbox 757 667 886 749; x_wconf 91' lang='lat' dir='ltr'><strong>iamque</strong></span> <span class='ocrx_word' id='word_1_35' title='bbox 914 665 1003 750; x_wconf 88' lang='lat' dir='ltr'><strong>apud</strong></span> <span class='ocrx_word' id='word_1_36' title='bbox 1030 663 1216 730; x_wconf 87' lang='lat' dir='ltr'><strong>hondosum</strong></span> <span class='ocrx_word' id='word_1_37' title='bbox 1245 664 1387 727; x_wconf 91' lang='lat' dir='ltr'><strong>tumulum</strong></span> 
     </span>
     <span class='ocr_line' id='line_1_6' title="bbox 233 774 1408 860; baseline -0.004 -18"><span class='ocrx_word' id='word_1_38' title='bbox 233 797 456 860; x_wconf 86' lang='lat' dir='ltr'><strong>rarnorumque</strong></span> <span class='ocrx_word' id='word_1_39' title='bbox 485 775 596 844; x_wconf 88' lang='lat' dir='ltr'><strong>densis</strong></span> <span class='ocrx_word' id='word_1_40' title='bbox 624 776 821 860; x_wconf 81' lang='lat' dir='ltr'><strong>tegminibus</strong></span> <span class='ocrx_word' id='word_1_41' title='bbox 850 776 1034 842; x_wconf 90' lang='lat' dir='ltr'><strong>umbrosum</strong></span> <span class='ocrx_word' id='word_1_42' title='bbox 1061 781 1235 860; x_wconf 87' lang='lat' dir='ltr'><strong>prospectu</strong></span> <span class='ocrx_word' id='word_1_43' title='bbox 1262 774 1408 855; x_wconf 76' lang='lat' dir='ltr'><strong>uestigat</strong></span> 
     </span>
     <span class='ocr_line' id='line_1_7' title="bbox 231 886 1386 973; baseline -0.006 -19"><span class='ocrx_word' id='word_1_44' title='bbox 231 898 335 954; x_wconf 88' lang='lat' dir='ltr'><strong>torum</strong></span> <span class='ocrx_word' id='word_1_45' title='bbox 358 889 522 972; x_wconf 82' lang='lat' dir='ltr'><strong>obsaeptis</strong></span> <span class='ocrx_word' id='word_1_46' title='bbox 536 951 540 960; x_wconf 86' lang='grc'><em>,</em></span> <span class='ocrx_word' id='word_1_47' title='bbox 553 887 679 973; x_wconf 82' lang='lat' dir='ltr'><strong>capreis</strong></span> <span class='ocrx_word' id='word_1_48' title='bbox 708 905 806 954; x_wconf 87' lang='lat' dir='ltr'><strong>canes</strong></span> <span class='ocrx_word' id='word_1_49' title='bbox 834 887 1017 954; x_wconf 89' lang='lat' dir='ltr'><strong>uenationis</strong></span> <span class='ocrx_word' id='word_1_50' title='bbox 1045 886 1191 968; x_wconf 81' lang='lat' dir='ltr'><strong>indagini</strong></span> <span class='ocrx_word' id='word_1_51' title='bbox 1220 903 1386 967; x_wconf 81' lang='lat' dir='ltr'><strong>generosae</strong></span> 
     </span>
     <span class='ocr_line' id='line_1_8' title="bbox 234 993 1386 1077; baseline 0.001 -14"><span class='ocrx_word' id='word_1_52' title='bbox 234 999 387 1064; x_wconf 86' lang='lat' dir='ltr'><strong>mandatd</strong></span> <span class='ocrx_word' id='word_1_53' title='bbox 401 997 500 1062; x_wconf 91' lang='lat' dir='ltr'><strong>cubili</strong></span> <span class='ocrx_word' id='word_1_54' title='bbox 522 997 702 1063; x_wconf 84' lang='lat' dir='ltr'><strong>residentes</strong></span> <span class='ocrx_word' id='word_1_55' title='bbox 725 997 878 1063; x_wconf 86' lang='lat' dir='ltr'><strong>inuadere</strong></span> <span class='ocrx_word' id='word_1_56' title='bbox 900 997 1022 1076; x_wconf 87' lang='lat' dir='ltr'><strong>bestias</strong></span> <span class='ocrx_word' id='word_1_57' title='bbox 1045 997 1257 1061; x_wconf 90' lang='lat' dir='ltr'><strong>immittuntur</strong></span> <span class='ocrx_word' id='word_1_58' title='bbox 1280 993 1386 1077; x_wconf 80' lang='lat' dir='ltr'><strong>statim·</strong></span> 
     </span>
     <span class='ocr_line' id='line_1_9' title="bbox 233 1106 1387 1194; baseline -0.007 -20"><span class='ocrx_word' id='word_1_59' title='bbox 233 1129 294 1194; x_wconf 93' lang='lat' dir='ltr'><strong>que</strong></span> <span class='ocrx_word' id='word_1_60' title='bbox 324 1109 462 1176; x_wconf 89' lang='lat' dir='ltr'><strong>sollertis</strong></span> <span class='ocrx_word' id='word_1_61' title='bbox 496 1107 687 1192; x_wconf 89' lang='lat' dir='ltr'><strong>disciplinae</strong></span> <span class='ocrx_word' id='word_1_62' title='bbox 717 1127 876 1174; x_wconf 87' lang='lat' dir='ltr'><strong>memores</strong></span> <span class='ocrx_word' id='word_1_63' title='bbox 908 1108 1047 1193; x_wconf 87' lang='lat' dir='ltr'><strong>partitae</strong></span> <span class='ocrx_word' id='word_1_64' title='bbox 1075 1114 1158 1173; x_wconf 87' lang='lat' dir='ltr'><strong>totos</strong></span> <span class='ocrx_word' id='word_1_65' title='bbox 1191 1106 1387 1191; x_wconf 85' lang='lat' dir='ltr'><strong>praecingunt</strong></span> 
     </span>
     <span class='ocr_line' id='line_1_10' title="bbox 235 1217 1387 1304; baseline -0.004 -20"><span class='ocrx_word' id='word_1_66' title='bbox 235 1221 342 1286; x_wconf 90' lang='lat' dir='ltr'><strong>aditus</strong></span> <span class='ocrx_word' id='word_1_67' title='bbox 372 1221 534 1302; x_wconf 90' lang='lat' dir='ltr'><strong>tacitaque</strong></span> <span class='ocrx_word' id='word_1_68' title='bbox 564 1220 653 1304; x_wconf 88' lang='lat' dir='ltr'><strong>prius</strong></span> <span class='ocrx_word' id='word_1_69' title='bbox 683 1225 814 1285; x_wconf 87' lang='lat' dir='ltr'><strong>seruata</strong></span> <span class='ocrx_word' id='word_1_70' title='bbox 841 1217 1065 1285; x_wconf 81' lang='lat' dir='ltr'><strong>mussitatione</strong></span> <span class='ocrx_word' id='word_1_71' title='bbox 1089 1219 1181 1300; x_wconf 81' lang='lat' dir='ltr'><strong>signo</strong></span> <span class='ocrx_word' id='word_1_72' title='bbox 1205 1217 1268 1289; x_wconf 86' lang='lat' dir='ltr'><strong>sibi</strong></span> <span class='ocrx_word' id='word_1_73' title='bbox 1289 1235 1387 1299; x_wconf 89' lang='lat' dir='ltr'><strong>repen·</strong></span> 
     </span>
     <span class='ocr_line' id='line_1_11' title="bbox 233 1328 1416 1412; baseline -0.006 -18"><span class='ocrx_word' id='word_1_74' title='bbox 233 1331 299 1394; x_wconf 90' lang='lat' dir='ltr'><strong>tino</strong></span> <span class='ocrx_word' id='word_1_75' title='bbox 322 1329 447 1394; x_wconf 87' lang='lat' dir='ltr'><strong>reddito</strong></span> <span class='ocrx_word' id='word_1_76' title='bbox 469 1330 639 1395; x_wconf 88' lang='lat' dir='ltr'><strong>latratibus</strong></span> <span class='ocrx_word' id='word_1_77' title='bbox 661 1328 795 1395; x_wconf 80' lang='lat' dir='ltr'><strong>feruidis</strong></span> <span class='ocrx_word' id='word_1_78' title='bbox 817 1328 1024 1412; x_wconf 85' lang='lat' dir='ltr'><strong>dissonisque</strong></span> <span class='ocrx_word' id='word_1_79' title='bbox 1047 1328 1182 1394; x_wconf 88' lang='lat' dir='ltr'><strong>miscent</strong></span> <span class='ocrx_word' id='word_1_80' title='bbox 1203 1328 1319 1392; x_wconf 92' lang='lat' dir='ltr'><strong>omnia.</strong></span> <span class='ocrx_word' id='word_1_81' title='bbox 1339 1345 1386 1389; x_wconf 88' lang='lat' dir='ltr'><strong>neo</strong></span> <span class='ocrx_word' id='word_1_82' title='bbox 1400 1336 1416 1382; x_wconf 81' lang='lat' dir='ltr'><strong>tl</strong></span> 
     </span>
     <span class='ocr_line' id='line_1_12' title="bbox 235 1437 1387 1526; baseline -0.006 -22"><span class='ocrx_word' id='word_1_83' title='bbox 235 1443 300 1506; x_wconf 90' lang='lat' dir='ltr'><strong>ulla</strong></span> <span class='ocrx_word' id='word_1_84' title='bbox 323 1459 442 1526; x_wconf 88' lang='lat' dir='ltr'><strong>caprea</strong></span> <span class='ocrx_word' id='word_1_85' title='bbox 463 1459 522 1506; x_wconf 88' lang='lat' dir='ltr'><strong>neo</strong></span> <span class='ocrx_word' id='word_1_86' title='bbox 544 1459 668 1525; x_wconf 90' lang='lat' dir='ltr'><strong>pauens</strong></span> <span class='ocrx_word' id='word_1_87' title='bbox 692 1440 857 1504; x_wconf 88' lang='lat' dir='ltr'><strong>dammula</strong></span> <span class='ocrx_word' id='word_1_88' title='bbox 878 1458 1040 1524; x_wconf 71' lang='lat' dir='ltr'><strong>nec&#39;prae</strong></span> <span class='ocrx_word' id='word_1_89' title='bbox 1062 1440 1176 1504; x_wconf 86' lang='lat' dir='ltr'><strong>ceteris</strong></span> <span class='ocrx_word' id='word_1_90' title='bbox 1199 1438 1275 1503; x_wconf 85' lang='lat' dir='ltr'><strong>teris</strong></span> <span class='ocrx_word' id='word_1_91' title='bbox 1296 1437 1387 1500; x_wconf 90' lang='lat' dir='ltr'><strong>mitior</strong></span> 
     </span>
     <span class='ocr_line' id='line_1_13' title="bbox 234 1543 1386 1636; baseline -0.006 -22"><span class='ocrx_word' id='word_1_92' title='bbox 234 1571 331 1616; x_wconf 88' lang='lat' dir='ltr'><strong>cerua</strong></span> <span class='ocrx_word' id='word_1_93' title='bbox 354 1551 410 1617; x_wconf 91' lang='lat' dir='ltr'><strong>sed</strong></span> <span class='ocrx_word' id='word_1_94' title='bbox 433 1569 512 1636; x_wconf 82' lang='lat' dir='ltr'><strong>aper</strong></span> <span class='ocrx_word' id='word_1_95' title='bbox 534 1550 684 1616; x_wconf 90' lang='lat' dir='ltr'><strong>immanis</strong></span> <span class='ocrx_word' id='word_1_96' title='bbox 700 1543 797 1634; x_wconf 88' lang='lat' dir='ltr'><strong>atque</strong></span> <span class='ocrx_word' id='word_1_97' title='bbox 812 1551 985 1634; x_wconf 87' lang='lat' dir='ltr'><strong>inusitatus</strong></span> <span class='ocrx_word' id='word_1_98' title='bbox 1002 1550 1147 1631; x_wconf 81' lang='lat' dir='ltr'><strong>exsurgit</strong></span> <span class='ocrx_word' id='word_1_99' title='bbox 1167 1547 1246 1613; x_wconf 90' lang='lat' dir='ltr'><strong>toris</strong></span> <span class='ocrx_word' id='word_1_100' title='bbox 1261 1547 1386 1611; x_wconf 81' lang='lat' dir='ltr'><strong>callosae</strong></span> 
     </span>
     <span class='ocr_line' id='line_1_14' title="bbox 235 1658 1387 1747; baseline -0.005 -23"><span class='ocrx_word' id='word_1_101' title='bbox 235 1664 316 1728; x_wconf 91' lang='lat' dir='ltr'><strong>cutis</strong></span> <span class='ocrx_word' id='word_1_102' title='bbox 340 1661 471 1742; x_wconf 88' lang='lat' dir='ltr'><strong>obesus,</strong></span> <span class='ocrx_word' id='word_1_103' title='bbox 505 1661 580 1747; x_wconf 92' lang='lat' dir='ltr'><strong>pilis</strong></span> <span class='ocrx_word' id='word_1_104' title='bbox 603 1661 842 1727; x_wconf 84' lang='lat' dir='ltr'><strong>inhorrentibus</strong></span> <span class='ocrx_word' id='word_1_105' title='bbox 877 1661 963 1726; x_wconf 89' lang='lat' dir='ltr'><strong>corio</strong></span> <span class='ocrx_word' id='word_1_106' title='bbox 986 1660 1169 1742; x_wconf 89' lang='lat' dir='ltr'><strong>squalidus,</strong></span> <span class='ocrx_word' id='word_1_107' title='bbox 1201 1660 1280 1726; x_wconf 89' lang='lat' dir='ltr'><strong>setis</strong></span> <span class='ocrx_word' id='word_1_108' title='bbox 1301 1658 1387 1721; x_wconf 87' lang='lat' dir='ltr'><strong>insur-</strong></span> 
     </span>
     <span class='ocr_line' id='line_1_15' title="bbox 235 1769 1387 1856; baseline -0.009 -18"><span class='ocrx_word' id='word_1_109' title='bbox 235 1771 385 1855; x_wconf 81' lang='lat' dir='ltr'><strong>gentibus</strong></span> <span class='ocrx_word' id='word_1_110' title='bbox 421 1771 551 1856; x_wconf 84' lang='lat' dir='ltr'><strong>spinae&#39;</strong></span> <span class='ocrx_word' id='word_1_111' title='bbox 570 1770 734 1855; x_wconf 86' lang='lat' dir='ltr'><strong>hispidus,</strong></span> <span class='ocrx_word' id='word_1_112' title='bbox 773 1769 924 1837; x_wconf 88' lang='lat' dir='ltr'><strong>dentibus</strong></span> <span class='ocrx_word' id='word_1_113' title='bbox 959 1772 1071 1836; x_wconf 88' lang='lat' dir='ltr'><strong>attritu</strong></span> <span class='ocrx_word' id='word_1_114' title='bbox 1098 1771 1209 1837; x_wconf 88' lang='lat' dir='ltr'><strong>sonaci</strong></span> <span class='ocrx_word' id='word_1_115' title='bbox 1242 1785 1387 1852; x_wconf 87' lang='lat' dir='ltr'><strong>spumeus,</strong></span> 
     </span>
     <span class='ocr_line' id='line_1_16' title="bbox 236 1877 1416 1976; baseline -0.006 -30"><span class='ocrx_word' id='word_1_116' title='bbox 236 1883 336 1976; x_wconf 81' lang='lat' dir='ltr'><strong>oculis</strong></span> <span class='ocrx_word' id='word_1_117' title='bbox 359 1889 493 1967; x_wconf 90' lang='lat' dir='ltr'><strong>aspectu</strong></span> <span class='ocrx_word' id='word_1_118' title='bbox 515 1882 633 1946; x_wconf 89' lang='lat' dir='ltr'><strong>minaci</strong></span> <span class='ocrx_word' id='word_1_119' title='bbox 655 1881 839 1961; x_wconf 87' lang='lat' dir='ltr'><strong>flammeus,</strong></span> <span class='ocrx_word' id='word_1_120' title='bbox 868 1882 988 1966; x_wconf 89' lang='lat' dir='ltr'><strong>impetu</strong></span> <span class='ocrx_word' id='word_1_121' title='bbox 1022 1901 1120 1946; x_wconf 89' lang='lat' dir='ltr'><strong>saeuo</strong></span> <span class='ocrx_word' id='word_1_122' title='bbox 1150 1881 1313 1947; x_wconf 80' lang='lat' dir='ltr'><strong>trementis</strong></span> <span class='ocrx_word' id='word_1_123' title='bbox 1334 1877 1416 1940; x_wconf 75' lang='lat' dir='ltr'><strong>arist</strong></span> 
     </span>
     <span class='ocr_line' id='line_1_17' title="bbox 235 1992 1387 2076; baseline -0.007 -19"><span class='ocrx_word' id='word_1_124' title='bbox 235 2000 319 2058; x_wconf 88' lang='lat' dir='ltr'><strong>totus</strong></span> <span class='ocrx_word' id='word_1_125' title='bbox 348 1993 529 2058; x_wconf 84' lang='lat' dir='ltr'><strong>fulmineus.</strong></span> <span class='ocrx_word' id='word_1_126' title='bbox 567 1999 598 2056; x_wconf 88' lang='lat' dir='ltr'><strong>et</strong></span> <span class='ocrx_word' id='word_1_127' title='bbox 625 1993 762 2076; x_wconf 91' lang='lat' dir='ltr'><strong>primum</strong></span> <span class='ocrx_word' id='word_1_128' title='bbox 786 1992 915 2074; x_wconf 89' lang='lat' dir='ltr'><strong>quidem</strong></span> <span class='ocrx_word' id='word_1_129' title='bbox 938 2011 1053 2057; x_wconf 91' lang='lat' dir='ltr'><strong>canum</strong></span> <span class='ocrx_word' id='word_1_130' title='bbox 1071 1993 1291 2075; x_wconf 87' lang='lat' dir='ltr'><strong>procaciores,</strong></span> <span class='ocrx_word' id='word_1_131' title='bbox 1319 2007 1387 2072; x_wconf 91' lang='lat' dir='ltr'><strong>quae</strong></span> 
     </span>
     <span class='ocr_line' id='line_1_18' title="bbox 236 2102 1388 2186; baseline -0.005 -19"><span class='ocrx_word' id='word_1_132' title='bbox 236 2103 411 2169; x_wconf 88' lang='lat' dir='ltr'><strong>comminus</strong></span> <span class='ocrx_word' id='word_1_133' title='bbox 444 2104 645 2168; x_wconf 88' lang='lat' dir='ltr'><strong>contulerant</strong></span> <span class='ocrx_word' id='word_1_134' title='bbox 667 2104 850 2185; x_wconf 81' lang='lat' dir='ltr'><strong>uestigium,</strong></span> <span class='ocrx_word' id='word_1_135' title='bbox 885 2104 979 2186; x_wconf 84' lang='lat' dir='ltr'><strong>genis</strong></span> <span class='ocrx_word' id='word_1_136' title='bbox 1002 2102 1064 2167; x_wconf 89' lang='lat' dir='ltr'><strong>hac</strong></span> <span class='ocrx_word' id='word_1_137' title='bbox 1086 2103 1160 2166; x_wconf 90' lang='lat' dir='ltr'><strong>illac</strong></span> <span class='ocrx_word' id='word_1_138' title='bbox 1182 2102 1307 2170; x_wconf 86' lang='lat' dir='ltr'><strong>iactatis</strong></span> <span class='ocrx_word' id='word_1_139' title='bbox 1328 2120 1388 2164; x_wconf 90' lang='lat' dir='ltr'><strong>eon·</strong></span> 
     </span>
     <span class='ocr_line' id='line_1_19' title="bbox 237 2212 1388 2298; baseline -0.005 -20"><span class='ocrx_word' id='word_1_140' title='bbox 237 2219 342 2280; x_wconf 89' lang='lat' dir='ltr'><strong>sectas</strong></span> <span class='ocrx_word' id='word_1_141' title='bbox 371 2213 536 2293; x_wconf 81' lang='lat' dir='ltr'><strong>interficit,</strong></span> <span class='ocrx_word' id='word_1_142' title='bbox 574 2212 649 2278; x_wconf 89' lang='lat' dir='ltr'><strong>dein</strong></span> <span class='ocrx_word' id='word_1_143' title='bbox 680 2215 805 2278; x_wconf 89' lang='lat' dir='ltr'><strong>calcata</strong></span> <span class='ocrx_word' id='word_1_144' title='bbox 832 2213 946 2278; x_wconf 88' lang='lat' dir='ltr'><strong>retiola</strong></span> <span class='ocrx_word' id='word_1_145' title='bbox 969 2233 1033 2297; x_wconf 89' lang='lat' dir='ltr'><strong>qua</strong></span> <span class='ocrx_word' id='word_1_146' title='bbox 1053 2212 1175 2297; x_wconf 91' lang='lat' dir='ltr'><strong>primos</strong></span> <span class='ocrx_word' id='word_1_147' title='bbox 1197 2215 1332 2298; x_wconf 91' lang='lat' dir='ltr'><strong>impetus</strong></span> <span class='ocrx_word' id='word_1_148' title='bbox 1352 2229 1388 2273; x_wconf 88' lang='lat' dir='ltr'><strong>rc·</strong></span> 
     </span>
    </p>

    <p class='ocr_par' dir='ltr' id='par_1_3' title="bbox 187 2322 1415 2852">
     <span class='ocr_line' id='line_1_20' title="bbox 187 2322 1387 2408; baseline -0.004 -23"><span class='ocrx_word' id='word_1_149' title='bbox 187 2324 213 2385; x_wconf 81' lang='lat' dir='ltr'>V</span> <span class='ocrx_word' id='word_1_150' title='bbox 237 2323 374 2390; x_wconf 79' lang='lat' dir='ltr'><strong>duxerat</strong></span> <span class='ocrx_word' id='word_1_151' title='bbox 404 2323 585 2390; x_wconf 88' lang='lat' dir='ltr'><strong>transabiit.</strong></span> <span class='ocrx_word' id='word_1_152' title='bbox 624 2330 655 2388; x_wconf 91' lang='lat' dir='ltr'><strong>et</strong></span> <span class='ocrx_word' id='word_1_153' title='bbox 683 2344 742 2389; x_wconf 91' lang='lat' dir='ltr'><strong>nos</strong></span> <span class='ocrx_word' id='word_1_154' title='bbox 775 2323 905 2408; x_wconf 89' lang='lat' dir='ltr'><strong>quidem</strong></span> <span class='ocrx_word' id='word_1_155' title='bbox 939 2325 1044 2389; x_wconf 90' lang='lat' dir='ltr'><strong>cuncti</strong></span> <span class='ocrx_word' id='word_1_156' title='bbox 1066 2344 1187 2408; x_wconf 89' lang='lat' dir='ltr'><strong>pauore</strong></span> <span class='ocrx_word' id='word_1_157' title='bbox 1211 2322 1348 2390; x_wconf 89' lang='lat' dir='ltr'><strong>deterriti</strong></span> <span class='ocrx_word' id='word_1_158' title='bbox 1366 2326 1387 2382; x_wconf 88' lang='lat' dir='ltr'><strong>ct</strong></span> 
     </span>
     <span class='ocr_line' id='line_1_21' title="bbox 237 2427 1415 2518; baseline -0.004 -19"><span class='ocrx_word' id='word_1_159' title='bbox 237 2434 381 2518; x_wconf 92' lang='lat' dir='ltr'><strong>alioquin</strong></span> <span class='ocrx_word' id='word_1_160' title='bbox 415 2433 556 2500; x_wconf 86' lang='lat' dir='ltr'><strong>innoxiis</strong></span> <span class='ocrx_word' id='word_1_161' title='bbox 589 2434 816 2501; x_wconf 88' lang='lat' dir='ltr'><strong>uenationibus</strong></span> <span class='ocrx_word' id='word_1_162' title='bbox 848 2436 992 2501; x_wconf 88' lang='lat' dir='ltr'><strong>consueti</strong></span> <span class='ocrx_word' id='word_1_163' title='bbox 1025 2443 1101 2501; x_wconf 86' lang='lat' dir='ltr'><strong>tunc</strong></span> <span class='ocrx_word' id='word_1_164' title='bbox 1133 2427 1229 2501; x_wconf 79' lang='lat' dir='ltr'><strong>etiam</strong></span> <span class='ocrx_word' id='word_1_165' title='bbox 1266 2435 1386 2499; x_wconf 87' lang='lat' dir='ltr'><strong>inermes</strong></span> <span class='ocrx_word' id='word_1_166' title='bbox 1398 2440 1415 2488; x_wconf 81' lang='lat' dir='ltr'><strong>rt</strong></span> 
     </span>
     <span class='ocr_line' id='line_1_22' title="bbox 238 2542 1387 2628; baseline -0.003 -20"><span class='ocrx_word' id='word_1_167' title='bbox 238 2554 334 2625; x_wconf 87' lang='lat' dir='ltr'><strong>atque</strong></span> <span class='ocrx_word' id='word_1_168' title='bbox 354 2544 513 2609; x_wconf 89' lang='lat' dir='ltr'><strong>immuniti</strong></span> <span class='ocrx_word' id='word_1_169' title='bbox 536 2546 728 2628; x_wconf 83' lang='lat' dir='ltr'><strong>tegumentis</strong></span> <span class='ocrx_word' id='word_1_170' title='bbox 752 2545 875 2611; x_wconf 82' lang='lat' dir='ltr'><strong>frondis</strong></span> <span class='ocrx_word' id='word_1_171' title='bbox 904 2548 958 2612; x_wconf 93' lang='lat' dir='ltr'><strong>uel</strong></span> <span class='ocrx_word' id='word_1_172' title='bbox 986 2547 1155 2611; x_wconf 87' lang='lat' dir='ltr'><strong>arboribus</strong></span> <span class='ocrx_word' id='word_1_173' title='bbox 1185 2547 1320 2611; x_wconf 88' lang='lat' dir='ltr'><strong>latenter</strong></span> <span class='ocrx_word' id='word_1_174' title='bbox 1345 2542 1387 2606; x_wconf 85' lang='lat' dir='ltr'><strong>ab·</strong></span> 
     </span>
     <span class='ocr_line' id='line_1_23' title="bbox 239 2652 1386 2741; baseline -0.005 -21"><span class='ocrx_word' id='word_1_175' title='bbox 239 2655 431 2735; x_wconf 70' lang='lat' dir='ltr'><strong>scondimus</strong></span> <span class='ocrx_word' id='word_1_176' title='bbox 455 2655 648 2739; x_wconf 83' lang='lat' dir='ltr'><strong>Thrasyllus</strong></span> <span class='ocrx_word' id='word_1_177' title='bbox 672 2675 749 2719; x_wconf 92' lang='lat' dir='ltr'><strong>uero</strong></span> <span class='ocrx_word' id='word_1_178' title='bbox 772 2663 886 2721; x_wconf 89' lang='lat' dir='ltr'><strong>nactus</strong></span> <span class='ocrx_word' id='word_1_179' title='bbox 901 2655 1063 2721; x_wconf 83' lang='lat' dir='ltr'><strong>fraudium</strong></span> <span class='ocrx_word' id='word_1_180' title='bbox 1086 2664 1299 2741; x_wconf 85' lang='lat' dir='ltr'><strong>opportunum</strong></span> <span class='ocrx_word' id='word_1_181' title='bbox 1321 2652 1386 2718; x_wconf 90' lang='lat' dir='ltr'><strong>deci-</strong></span> 
     </span>
     <span class='ocr_line' id='line_1_24' title="bbox 238 2764 1024 2852; baseline 0.004 -23"><span class='ocrx_word' id='word_1_182' title='bbox 238 2765 347 2849; x_wconf 94' lang='lat' dir='ltr'><strong>pulum</strong></span> <span class='ocrx_word' id='word_1_183' title='bbox 371 2764 417 2831; x_wconf 92' lang='lat' dir='ltr'><strong>sio</strong></span> <span class='ocrx_word' id='word_1_184' title='bbox 440 2764 667 2849; x_wconf 83' lang='lat' dir='ltr'><strong>Tlepolemum</strong></span> <span class='ocrx_word' id='word_1_185' title='bbox 685 2768 829 2850; x_wconf 89' lang='lat' dir='ltr'><strong>captiose</strong></span> <span class='ocrx_word' id='word_1_186' title='bbox 852 2768 1024 2852; x_wconf 89' lang='lat' dir='ltr'><strong>compellat</strong></span> 
     </span>
    </p>

    <p class='ocr_par' dir='ltr' id='par_1_4' title="bbox 238 2869 1431 3734">
     <span class='ocr_line' id='line_1_25' title="bbox 319 2869 1386 2960; baseline -0.004 -21"><span class='ocrx_word' id='word_1_187' title='bbox 319 2869 401 2953; x_wconf 79' lang='lat' dir='ltr'><strong>‘Qui</strong></span> <span class='ocrx_word' id='word_1_188' title='bbox 434 2881 562 2960; x_wconf 93' lang='lat' dir='ltr'><strong>stupore</strong></span> <span class='ocrx_word' id='word_1_189' title='bbox 595 2876 719 2941; x_wconf 82' lang='lat' dir='ltr'><strong>confusi</strong></span> <span class='ocrx_word' id='word_1_190' title='bbox 751 2877 804 2941; x_wconf 92' lang='lat' dir='ltr'><strong>uel</strong></span> <span class='ocrx_word' id='word_1_191' title='bbox 836 2878 935 2942; x_wconf 90' lang='lat' dir='ltr'><strong>etiam</strong></span> <span class='ocrx_word' id='word_1_192' title='bbox 964 2898 1058 2944; x_wconf 87' lang='lat' dir='ltr'><strong>cassa</strong></span> <span class='ocrx_word' id='word_1_193' title='bbox 1072 2873 1256 2943; x_wconf 60' lang='lat' dir='ltr'><strong>&#39;formidine</strong></span> <span class='ocrx_word' id='word_1_194' title='bbox 1286 2875 1386 2942; x_wconf 87' lang='lat' dir='ltr'><strong>similes</strong></span> 
     </span>
     <span class='ocr_line' id='line_1_26' title="bbox 238 2979 1413 3073; baseline -0.008 -22"><span class='ocrx_word' id='word_1_195' title='bbox 238 2986 410 3051; x_wconf 87' lang='lat' dir='ltr'><strong>humilitati</strong></span> <span class='ocrx_word' id='word_1_196' title='bbox 448 3006 614 3053; x_wconf 90' lang='lat' dir='ltr'><strong>seruorum</strong></span> <span class='ocrx_word' id='word_1_197' title='bbox 647 2987 780 3052; x_wconf 91' lang='lat' dir='ltr'><strong>istorum</strong></span> <span class='ocrx_word' id='word_1_198' title='bbox 813 2988 865 3052; x_wconf 92' lang='lat' dir='ltr'><strong>uel</strong></span> <span class='ocrx_word' id='word_1_199' title='bbox 899 2988 933 3052; x_wconf 94' lang='lat' dir='ltr'><strong>in</strong></span> <span class='ocrx_word' id='word_1_200' title='bbox 966 2988 1094 3053; x_wconf 91' lang='lat' dir='ltr'><strong>modum</strong></span> <span class='ocrx_word' id='word_1_201' title='bbox 1124 2988 1255 3073; x_wconf 89' lang='lat' dir='ltr'><strong>pauoris</strong></span> <span class='ocrx_word' id='word_1_202' title='bbox 1278 2981 1385 3053; x_wconf 83' lang='lat' dir='ltr'><strong>feminei</strong></span> <span class='ocrx_word' id='word_1_203' title='bbox 1396 2979 1413 3028; x_wconf 80' lang='lat' dir='ltr'><strong>n</strong></span> 
     </span>
     <span class='ocr_line' id='line_1_27' title="bbox 239 3084 1431 3181; baseline -0.002 -20"><span class='ocrx_word' id='word_1_204' title='bbox 239 3098 354 3163; x_wconf 87' lang='lat' dir='ltr'><strong>deiecti</strong></span> <span class='ocrx_word' id='word_1_205' title='bbox 377 3104 443 3161; x_wconf 87' lang='lat' dir='ltr'><strong>tam</strong></span> <span class='ocrx_word' id='word_1_206' title='bbox 466 3099 606 3181; x_wconf 89' lang='lat' dir='ltr'><strong>opimam</strong></span> <span class='ocrx_word' id='word_1_207' title='bbox 628 3096 784 3181; x_wconf 82' lang='lat' dir='ltr'><strong>praedam</strong></span> <span class='ocrx_word' id='word_1_208' title='bbox 807 3097 922 3163; x_wconf 90' lang='lat' dir='ltr'><strong>mediis</strong></span> <span class='ocrx_word' id='word_1_209' title='bbox 944 3100 1093 3165; x_wconf 89' lang='lat' dir='ltr'><strong>manibus</strong></span> <span class='ocrx_word' id='word_1_210' title='bbox 1109 3100 1307 3165; x_wconf 80' lang='lat' dir='ltr'><strong>amittimus?</strong></span> <span class='ocrx_word' id='word_1_211' title='bbox 1329 3084 1431 3180; x_wconf 68' lang='lat' dir='ltr'><strong>quinutu]</strong></span> 
     </span>
     <span class='ocr_line' id='line_1_28' title="bbox 240 3206 1384 3294; baseline -0.005 -22"><span class='ocrx_word' id='word_1_212' title='bbox 240 3227 341 3289; x_wconf 89' lang='lat' dir='ltr'><strong>equos</strong></span> <span class='ocrx_word' id='word_1_213' title='bbox 364 3206 606 3272; x_wconf 81' lang='lat' dir='ltr'><strong>inscendimus?</strong></span> <span class='ocrx_word' id='word_1_214' title='bbox 629 3207 706 3287; x_wconf 88' lang='lat' dir='ltr'><strong>quin</strong></span> <span class='ocrx_word' id='word_1_215' title='bbox 729 3208 818 3273; x_wconf 86' lang='lat' dir='ltr'><strong>ocius</strong></span> <span class='ocrx_word' id='word_1_216' title='bbox 841 3208 1086 3293; x_wconf 80' lang='lat' dir='ltr'><strong>indipisoimur‘?</strong></span> <span class='ocrx_word' id='word_1_217' title='bbox 1110 3217 1142 3275; x_wconf 88' lang='lat' dir='ltr'><strong>et</strong></span> <span class='ocrx_word' id='word_1_218' title='bbox 1164 3230 1244 3294; x_wconf 89' lang='lat' dir='ltr'><strong>cape</strong></span> <span class='ocrx_word' id='word_1_219' title='bbox 1267 3207 1384 3274; x_wconf 88' lang='lat' dir='ltr'><strong>uenabu-</strong></span> 
     </span>
     <span class='ocr_line' id='line_1_29' title="bbox 238 3310 1384 3405; baseline -0.003 -25"><span class='ocrx_word' id='word_1_220' title='bbox 238 3318 304 3380; x_wconf 90' lang='lat' dir='ltr'><strong>lum</strong></span> <span class='ocrx_word' id='word_1_221' title='bbox 327 3323 358 3380; x_wconf 89' lang='lat' dir='ltr'><strong>et</strong></span> <span class='ocrx_word' id='word_1_222' title='bbox 381 3336 439 3399; x_wconf 84' lang='lat' dir='ltr'><strong>ego</strong></span> <span class='ocrx_word' id='word_1_223' title='bbox 464 3336 553 3383; x_wconf 91' lang='lat' dir='ltr'><strong>sumo</strong></span> <span class='ocrx_word' id='word_1_224' title='bbox 576 3310 737 3382; x_wconf 85' lang='lat' dir='ltr'><strong>lanceam&#39;</strong></span> <span class='ocrx_word' id='word_1_225' title='bbox 762 3336 822 3382; x_wconf 89' lang='lat' dir='ltr'><strong>nec</strong></span> <span class='ocrx_word' id='word_1_226' title='bbox 843 3319 1003 3384; x_wconf 87' lang='lat' dir='ltr'><strong>tantillum</strong></span> <span class='ocrx_word' id='word_1_227' title='bbox 1025 3320 1141 3385; x_wconf 89' lang='lat' dir='ltr'><strong>morati</strong></span> <span class='ocrx_word' id='word_1_228' title='bbox 1162 3320 1309 3405; x_wconf 90' lang='lat' dir='ltr'><strong>protinus</strong></span> <span class='ocrx_word' id='word_1_229' title='bbox 1328 3313 1384 3382; x_wconf 87' lang='lat' dir='ltr'><strong>iusi·</strong></span> 
     </span>
     <span class='ocr_line' id='line_1_30' title="bbox 239 3427 1384 3513; baseline 0 -24"><span class='ocrx_word' id='word_1_230' title='bbox 239 3429 320 3490; x_wconf 90' lang='lat' dir='ltr'><strong>liunt</strong></span> <span class='ocrx_word' id='word_1_231' title='bbox 343 3445 442 3509; x_wconf 92' lang='lat' dir='ltr'><strong>equos</strong></span> <span class='ocrx_word' id='word_1_232' title='bbox 466 3447 506 3493; x_wconf 87' lang='lat' dir='ltr'><strong>ex</strong></span> <span class='ocrx_word' id='word_1_233' title='bbox 529 3448 652 3499; x_wconf 78' lang='lat' dir='ltr'><strong>summo,</strong></span> <span class='ocrx_word' id='word_1_234' title='bbox 675 3427 780 3493; x_wconf 89' lang='lat' dir='ltr'><strong>studio</strong></span> <span class='ocrx_word' id='word_1_235' title='bbox 803 3428 941 3494; x_wconf 90' lang='lat' dir='ltr'><strong>bestiam</strong></span> <span class='ocrx_word' id='word_1_236' title='bbox 970 3430 1186 3513; x_wconf 87' lang='lat' dir='ltr'><strong>insequentes.</strong></span> <span class='ocrx_word' id='word_1_237' title='bbox 1219 3437 1384 3494; x_wconf 78' lang='lat' dir='ltr'><strong>nectaneb</strong></span> 
     </span>
     <span class='ocr_line' id='line_1_31' title="bbox 240 3528 1412 3624; baseline -0.003 -24"><span class='ocrx_word' id='word_1_238' title='bbox 240 3537 295 3600; x_wconf 87' lang='lat' dir='ltr'><strong>illa</strong></span> <span class='ocrx_word' id='word_1_239' title='bbox 323 3538 455 3620; x_wconf 79' lang='lat' dir='ltr'><strong>genuini</strong></span> <span class='ocrx_word' id='word_1_240' title='bbox 487 3538 610 3619; x_wconf 76' lang='lat' dir='ltr'><strong>uigoris</strong></span> <span class='ocrx_word' id='word_1_241' title='bbox 631 3538 731 3603; x_wconf 88' lang='lat' dir='ltr'><strong>oblita</strong></span> <span class='ocrx_word' id='word_1_242' title='bbox 753 3546 915 3623; x_wconf 87' lang='lat' dir='ltr'><strong>retorquet</strong></span> <span class='ocrx_word' id='word_1_243' title='bbox 937 3540 1091 3624; x_wconf 89' lang='lat' dir='ltr'><strong>impeturn</strong></span> <span class='ocrx_word' id='word_1_244' title='bbox 1113 3546 1145 3605; x_wconf 91' lang='lat' dir='ltr'><strong>et</strong></span> <span class='ocrx_word' id='word_1_245' title='bbox 1166 3540 1314 3606; x_wconf 86' lang='lat' dir='ltr'><strong>incendio</strong></span> <span class='ocrx_word' id='word_1_246' title='bbox 1333 3528 1412 3602; x_wconf 71' lang='lat' dir='ltr'><strong>feri-tl</strong></span> 
     </span>
     <span class='ocr_line' id='line_1_32' title="bbox 239 3640 1383 3734; baseline -0.001 -23"><span class='ocrx_word' id='word_1_247' title='bbox 239 3648 316 3713; x_wconf 89' lang='lat' dir='ltr'><strong>tatis</strong></span> <span class='ocrx_word' id='word_1_248' title='bbox 339 3640 513 3715; x_wconf 79' lang='lat' dir='ltr'><strong>ardescens</strong></span> <span class='ocrx_word' id='word_1_249' title='bbox 536 3648 631 3714; x_wconf 92' lang='lat' dir='ltr'><strong>dente</strong></span> <span class='ocrx_word' id='word_1_250' title='bbox 659 3651 823 3734; x_wconf 84' lang='lat' dir='ltr'><strong>compulso</strong></span> <span class='ocrx_word' id='word_1_251' title='bbox 847 3670 941 3733; x_wconf 87' lang='lat' dir='ltr'><strong>quem</strong></span> <span class='ocrx_word' id='word_1_252' title='bbox 970 3652 1108 3734; x_wconf 90' lang='lat' dir='ltr'><strong>primum</strong></span> <span class='ocrx_word' id='word_1_253' title='bbox 1137 3651 1261 3717; x_wconf 88' lang='lat' dir='ltr'><strong>insiliat</strong></span> <span class='ocrx_word' id='word_1_254' title='bbox 1282 3653 1383 3717; x_wconf 81' lang='lat' dir='ltr'><strong>cuncta·</strong></span> 
     </span>
    </p>
   </div>
   <div class='ocr_carea' id='block_1_3' title="bbox 240 3815 541 3829">
    <p class='ocr_par' dir='ltr' id='par_1_5' title="bbox 240 3815 541 3829">
     <span class='ocr_line' id='line_1_33' title="bbox 240 3815 541 3829; baseline 0.003 -1"><span class='ocrx_word' id='word_1_255' title='bbox 240 3815 541 3829; x_wconf 69' lang='lat'>*·——-—-——0</span> 
     </span>
    </p>
   </div>
   <div class='ocr_carea' id='block_1_4' title="bbox 224 3931 1382 4193">
    <p class='ocr_par' dir='ltr' id='par_1_6' title="bbox 224 3931 1382 4193">
     <span class='ocr_line' id='line_1_34' title="bbox 310 3931 1382 4025; baseline 0.006 -40"><span class='ocrx_word' id='word_1_256' title='bbox 310 3938 320 3985; x_wconf 89' lang='lat' dir='ltr'><strong>l</strong></span> <span class='ocrx_word' id='word_1_257' title='bbox 341 3932 463 4025; x_wconf 82' lang='lat' dir='ltr'><strong>thlalyllo</strong></span> <span class='ocrx_word' id='word_1_258' title='bbox 483 3934 505 3983; x_wconf 81' lang='lat' dir='ltr'><em>F</em></span> <span class='ocrx_word' id='word_1_259' title='bbox 591 3939 606 3988; x_wconf 88' lang='grc'>6</span> <span class='ocrx_word' id='word_1_260' title='bbox 625 3936 781 4005; x_wconf 64' lang='lat' dir='ltr'><strong>obreptus</strong></span> <span class='ocrx_word' id='word_1_261' title='bbox 848 3935 976 4005; x_wconf 77' lang='lat' dir='ltr'><strong>rndagmr·</strong></span> <span class='ocrx_word' id='word_1_262' title='bbox 994 3938 1061 4007; x_wconf 80' lang='lat' dir='ltr'><strong>(fait</strong></span> <span class='ocrx_word' id='word_1_263' title='bbox 1078 3938 1138 4003; x_wconf 72' lang='lat' dir='ltr'><strong>OF,</strong></span> <span class='ocrx_word' id='word_1_264' title='bbox 1156 3937 1323 4006; x_wconf 80' lang='lat' dir='ltr'><strong>undagrmlp</strong></span> <span class='ocrx_word' id='word_1_265' title='bbox 1373 3931 1382 3977; x_wconf 74' lang='lat' dir='ltr'><strong>l</strong></span> 
     </span>
     <span class='ocr_line' id='line_1_35' title="bbox 224 4022 1382 4100; baseline 0.003 -21"><span class='ocrx_word' id='word_1_266' title='bbox 224 4026 388 4081; x_wconf 67' lang='lat' dir='ltr'><strong>&#39;inuadereu</strong></span> <span class='ocrx_word' id='word_1_267' title='bbox 414 4026 541 4095; x_wconf 69' lang='lat' dir='ltr'><strong>tfaitntt</strong></span> <span class='ocrx_word' id='word_1_268' title='bbox 565 4026 603 4093; x_wconf 81' lang='lat' dir='ltr'><strong>F,</strong></span> <span class='ocrx_word' id='word_1_269' title='bbox 626 4028 822 4098; x_wconf 75' lang='lat' dir='ltr'><strong>inuaderentp</strong></span> <span class='ocrx_word' id='word_1_270' title='bbox 908 4034 924 4084; x_wconf 83' lang='grc'>9</span> <span class='ocrx_word' id='word_1_271' title='bbox 942 4032 1110 4084; x_wconf 79' lang='lat' dir='ltr'><strong>musitatione</strong></span> <span class='ocrx_word' id='word_1_272' title='bbox 1128 4030 1153 4081; x_wconf 77' lang='lat' dir='ltr'><em>F</em></span> <span class='ocrx_word' id='word_1_273' title='bbox 1240 4036 1271 4085; x_wconf 83' lang='grc'><strong>13</strong></span> <span class='ocrx_word' id='word_1_274' title='bbox 1296 4029 1347 4100; x_wconf 80' lang='lat' dir='ltr'><strong>lqtrl</strong></span> <span class='ocrx_word' id='word_1_275' title='bbox 1362 4022 1382 4082; x_wconf 68' lang='lat' dir='ltr'><strong>F,</strong></span> 
     </span>
     <span class='ocr_line' id='line_1_36' title="bbox 241 4119 1382 4193; baseline 0.001 -23"><span class='ocrx_word' id='word_1_276' title='bbox 241 4119 335 4187; x_wconf 78' lang='lat' dir='ltr'><strong>letrlp</strong></span> <span class='ocrx_word' id='word_1_277' title='bbox 421 4125 450 4171; x_wconf 82' lang='lat'><strong>21</strong></span> <span class='ocrx_word' id='word_1_278' title='bbox 473 4120 668 4191; x_wconf 79' lang='lat' dir='ltr'><strong>abscondimus]</strong></span> <span class='ocrx_word' id='word_1_279' title='bbox 687 4122 725 4191; x_wconf 85' lang='lat' dir='ltr'><strong>cs.</strong></span> <span class='ocrx_word' id='word_1_280' title='bbox 739 4140 770 4193; x_wconf 85' lang='lat' dir='ltr'><strong>p.</strong></span> <span class='ocrx_word' id='word_1_281' title='bbox 791 4124 849 4189; x_wconf 76' lang='lat'><strong>104,</strong></span> <span class='ocrx_word' id='word_1_282' title='bbox 866 4123 900 4175; x_wconf 81' lang='lat'><strong>25</strong></span> <span class='ocrx_word' id='word_1_283' title='bbox 986 4128 1017 4177; x_wconf 84' lang='lat'><strong>25</strong></span> <span class='ocrx_word' id='word_1_284' title='bbox 1036 4140 1178 4178; x_wconf 88' lang='lat' dir='ltr'><strong>ceruorum</strong></span> <span class='ocrx_word' id='word_1_285' title='bbox 1196 4126 1312 4180; x_wconf 81' lang='lat' dir='ltr'><strong>coniecit</strong></span> <span class='ocrx_word' id='word_1_286' title='bbox 1325 4120 1382 4175; x_wconf 79' lang='lat' dir='ltr'><strong>laco</strong></span> 
     </span>
    </p>
   </div>
   <div class='ocr_carea' id='block_1_5' title="bbox 240 4211 1383 4379">
    <p class='ocr_par' dir='ltr' id='par_1_7' title="bbox 240 4211 1383 4379">
     <span class='ocr_line' id='line_1_37' title="bbox 241 4211 1383 4287; baseline 0.011 -22"><span class='ocrx_word' id='word_1_287' title='bbox 241 4212 290 4265; x_wconf 83' lang='lat' dir='ltr'><strong>bus</strong></span> <span class='ocrx_word' id='word_1_288' title='bbox 308 4211 341 4265; x_wconf 84' lang='lat' dir='ltr'><strong>de</strong></span> <span class='ocrx_word' id='word_1_289' title='bbox 356 4211 448 4265; x_wconf 81' lang='lat' dir='ltr'><strong>Rbncr</strong></span> <span class='ocrx_word' id='word_1_290' title='bbox 466 4214 795 4283; x_wconf 80' lang='lat' dir='ltr'><strong>(feriaeDaueatrr&#39;enses,</strong></span> <span class='ocrx_word' id='word_1_291' title='bbox 810 4233 842 4287; x_wconf 84' lang='lat' dir='ltr'><strong>p.</strong></span> <span class='ocrx_word' id='word_1_292' title='bbox 861 4218 921 4283; x_wconf 69' lang='lat'><strong>226]</strong></span> <span class='ocrx_word' id='word_1_293' title='bbox 1008 4221 1039 4271; x_wconf 83' lang='lat'><strong>27</strong></span> <span class='ocrx_word' id='word_1_294' title='bbox 1058 4219 1135 4272; x_wconf 89' lang='lat' dir='ltr'><strong>ocrul</strong></span> <span class='ocrx_word' id='word_1_295' title='bbox 1148 4218 1188 4271; x_wconf 79' lang='lat' dir='ltr'><strong>sic</strong></span> <span class='ocrx_word' id='word_1_296' title='bbox 1205 4216 1250 4285; x_wconf 69' lang='lat' dir='ltr'><strong>no</strong></span> <span class='ocrx_word' id='word_1_297' title='bbox 1316 4217 1383 4277; x_wconf 65' lang='lat' dir='ltr'><strong>impe</strong></span> 
     </span>
     <span class='ocr_line' id='line_1_38' title="bbox 240 4304 689 4379; baseline 0.007 -21"><span class='ocrx_word' id='word_1_298' title='bbox 240 4306 354 4360; x_wconf 78' lang='lat' dir='ltr'><strong>coniecit</strong></span> <span class='ocrx_word' id='word_1_299' title='bbox 370 4304 517 4361; x_wconf 77' lang='lat' dir='ltr'><strong>Heinsius:</strong></span> <span class='ocrx_word' id='word_1_300' title='bbox 534 4308 558 4361; x_wconf 76' lang='lat' dir='ltr'><strong>dr</strong></span> <span class='ocrx_word' id='word_1_301' title='bbox 576 4324 647 4379; x_wconf 87' lang='lat' dir='ltr'><strong>cape</strong></span> <span class='ocrx_word' id='word_1_302' title='bbox 665 4310 689 4361; x_wconf 81' lang='lat' dir='ltr'><em>F</em></span> 
     </span>
    </p>
   </div>
   <div class='ocr_carea' id='block_1_6' title="bbox 0 0 1480 4900">
    <p class='ocr_par' dir='ltr' id='par_1_8' title="bbox 0 0 1480 4900">
     <span class='ocr_line' id='line_1_39' title="bbox 0 0 1480 4900; baseline 0 0"><span class='ocrx_word' id='word_1_303' title='bbox 0 0 1480 4900; x_wconf 95' lang='lat' dir='ltr'><strong> </strong></span> 
     </span>
    </p>
   </div>
  </div>
 </body>
</html>
