2934 4900
502 230 574 279 css.
598 232 841 279 xxxr—-xxrrm
971 239 972 243 ¹
1197 200 1273 283 ‘203

104 372 334 465 cunctantique
355 382 442 448 lente
464 383 602 466 uestigio
625 390 657 450 et
678 384 795 450 leniter
816 385 990 451 fluctuante
1006 385 1135 470 spinula
1149 392 1181 452 et
1203 406 1274 453 sen·

107 493 173 558 sim
195 490 373 558 6116616616
401 494 507 577 capite
529 494 634 578 coepit
660 494 809 561 incedere
837 495 990 579 mollique
1017 497 1168 561 tibiarum
1195 517 1273 563 sono

101 600 254 668 delicatis
275 602 472 687 respondere
494 604 638 687 gestibus
660 610 693 670 et
713 625 798 671 nunc
819 606 897 670 mite
921 606 1159 689 eminentibus,
1188 628 1274 673 nunc

99 731 181 779 acre
202 712 472 780 comminantibus
499 714 619 797 gestire
646 716 776 799 pupulis
805 722 836 781 et
864 734 932 782 non
965 737 1129 801 nunquam
1153 719 1272 785 saltare

66 823 184 901 5solis
212 823 323 888 oculis.
367 822 449 888 baec
480 830 515 887 ut
541 824 680 908 primum
709 832 784 890 ante
816 825 932 893 iudicis
955 834 1160 911 conspectum
1188 828 1273 893 facta
1313 886 1318 892 .

101 940 162 1011 est,
185 934 259 999 nisu
281 933 484 998 brachiorum
506 934 652 1017 polliceri
674 935 860 1021 uidebatur,
891 936 919 1003 si
941 936 1054 1004 fuisset
1076 936 1199 1004 deabus
1222 956 1274 1004 ce·

100 1044 182 1109 teris
211 1044 370 1124 antelata,
408 1042 556 1109 daturam
586 1063 621 1111 se
649 1051 784 1129 nuptam
805 1045 916 1111 Paridi
944 1047 1046 1112 forma
1067 1048 1273 1133 praecipuam

101 1153 220 1236 suique
242 1153 452 1219 consimilem.
496 1159 572 1219 tunc
594 1154 702 1218 animo
731 1156 853 1221 uolenti
874 1157 1035 1241 Phrygius
1057 1157 1185 1225 iuuenis
1208 1178 1273 1223 ma-

100 1264 169 1327 lum
202 1262 288 1347 quod
321 1264 453 1329 tenebat
486 1284 618 1329 aureum
654 1266 742 1330 uelut
774 1265 928 1331 uictoriae
958 1266 1114 1332 caleulum
1145 1268 1273 1351 puellae

51 1396 83 1444 16
100 1373 245 1439 tradidit.

189 1483 275 1563 Quid
296 1504 373 1567 ergo
396 1484 557 1549 miramini
579 1486 740 1552 uilissima
761 1486 882 1570 capita,
912 1488 1009 1552 immo
1038 1487 1179 1553 forensia
1200 1507 1254 1572 pe·
1277 1478 1427 1545 XXXHI

103 1614 179 1659 cora
202 1596 299 1659 immo
322 1614 399 1660 uero
428 1596 530 1677 togati
555 1582 687 1660 'uulturii
712 1595 740 1661 si
762 1597 819 1661 toti
842 1617 926 1662 nunc
949 1597 1072 1665 iudices
1096 1598 1273 1663 sententias

102 1726 180 1771 snas
203 1704 306 1789 pretio
329 1704 558 1786 nundinantur,
581 1724 782 1771 cumrerum
806 1707 937 1772 exordio
960 1708 1043 1773 inter
1064 1707 1142 1773 deos
1165 1714 1200 1773 61
1218 1707 1273 1772 ho-

103 1816 207 1881 mines
230 1816 386 1898 agitatum
415 1814 569 1880 indicium
596 1817 773 1898 corruperit
800 1818 906 1901 gratia
929 1825 960 1883 61
982 1817 1172 1901 originalem
1201 1838 1271 1884 sen-

51 1953 84 2007 15.
103 1927 238 1990 tentiam
261 1925 370 2008 magni
390 1926 478 1991 louis
501 1926 645 1991 consiliis
660 1927 781 1991 elnotus
803 1926 901 1993 iudex
922 1928 1104 1993 rusticanus
1120 1934 1151 1993 et
1173 1928 1271 2013 opilio

101 2038 189 2101 lucro
212 2035 358 2101 libidinis
381 2035 563 2101 uendiderit
584 2055 655 2100 cum
677 2036 775 2102 totius
795 2036 892 2102 etiam
915 2056 992 2103 suae
1015 2037 1126 2122 stirpis
1150 2038 1271 2104 exitio?

104 2148 151 2214 sic
172 2146 376 2227 Herculesgct
391 2145 481 2210 aliud
496 2165 635 2230 sequens
657 2144 811 2211 iudicium
827 2146 910 2212 inter
932 2147 1060 2215 inclitos
1076 2148 1271 2213 Achiuorum

102 2256 201 2322 duces
230 2255 426 2321 celebratum
454 2257 507 2320 661
537 2276 608 2320 6616
637 2257 730 2321 161616
763 2256 1057 2325 insimulationibus
1093 2258 1271 2325 eruditione

102 2365 311 2451 doctrinaque
338 2366 545 2450 praepollens
573 2366 765 2433 Palamedes
797 2367 989 2453 proditionis
1019 2368 1190 2433 damnatur
1220 2370 1272 2431 661

46 2478 219 2547 6611161616
251 2476 369 2542 Martia
400 2479 604 2562 praepotenti
636 2478 817 2563 praefertur
849 2479 960 2545 Vlixes
1002 2479 1146 2546 modicus
1179 2480 1272 2544 Aiaci

101 2588 252 2653 maximo.
290 2588 386 2671 quale
407 2595 515 2652 autem
549 2595 581 2653 et
609 2587 690 2652 illud
717 2587 871 2652 iudicium
892 2587 980 2673 apud
1002 2591 1152 2673 legiferos
1174 2591 1271 2656 Athe-

101 2699 234 2764 nienses
256 2704 345 2763 catos
366 2698 440 2764 illos
456 2706 488 2763 61
502 2698 607 2763 omnis
622 2697 776 2763 scientiae
791 2699 986 2782 magistros?
1009 2719 1125 2794 nonne,
1138 2701 1270 2766 diuinae

100 2807 292 2892 prudentiae
315 2827 416 2872 senex
443 2828 538 2891 quem
567 2807 729 2891 sapientia
757 2808 908 2892 praetulit
936 2810 1059 2875 cunctis
1081 2810 1270 2878 mortalibus

100 2917 182 2982 deus
204 2917 400 3001 Delphicus,
429 2917 543 2983 fraude
572 2923 604 2982 61
633 2916 759 2983 inuidia
787 2919 1006 3002 nequissimae
1038 2920 1186 2986 factionis
1209 2921 1270 2986 cir-

44 3043 79 3092 65
99 3034 288 3114 6616666166
304 3029 394 3092 66161
408 3035 574 3112 corruptor
588 3026 830 3094 adulescentiae
845 3050 941 3113 quam
956 3030 1056 3096 frenis
1069 3030 1268 3112 cohercebat,

99 3139 221 3203 herbae
243 3137 423 3221 pestilentis
447 3157 522 3203 suco
544 3137 641 3202 noxio
664 3144 850 3222 peremptus
872 3146 922 3205 661
944 3139 1129 3224 relinquens
1145 3141 1269 3206 ciuibus

99 3247 299 3331 ignominiae
321 3254 497 3332 perpetuae
509 3248 677 3329 maculam,
701 3267 771 3312 cum
795 3251 999 3315 nuncetiam
1023 3251 1145 3334 egregii
1167 3251 1270 3336 philo·

98 3357 195 3442 sophi
227 3363 347 3422 sectam
370 3358 440 3424 eius
470 3358 707 3424 sanctissimam
737 3367 929 3444 praeoptent
957 3368 990 3426 61
1017 3381 1140 3428 summo
1169 3361 1270 3426 beati-

97 3467 223 3534 tudinis
246 3467 352 3533 studio
374 3468 480 3534 iurent
501 3469 534 3532 in
558 3469 662 3552 ipsius
676 3473 810 3534 nomen!
833 3469 891 3536 sed
906 3471 1021 3555 nequis
1036 3470 1270 3555 indignationis

43 3601 77 3651 ao
97 3598 195 3644 meae
214 3577 430 3662 reprehendat
452 3579 604 3660 impetum
628 3599 736 3645 secum
760 3578 805 3646 sic
827 3587 980 3664 reputans
1000 3575 1087 3646 ‘ecce
1109 3602 1192 3647 nunc
1215 3604 1270 3667 pa-

170 3866 180 3910 1
201 3856 351 3910 fluctuante
370 3855 474 3923 spinula
490 3854 716 3911 Sobiclceradius:
734 3857 897 3910 11661666161
913 3857 1039 3925 pinnulas
1052 3859 1084 3924 F,
1109 3858 1272 3913 fluctuantes

95 3949 267 4021 pennulaip
355 3952 462 4016 2661111
479 3948 508 4000 F
581 3931 777 4018 3con1bentrb;
797 3949 825 4002 F
890 3938 1007 4006 81116111
1023 3952 1060 4006 F*
1130 3951 1231 4022 frygrul
1248 3954 1273 4004 F

98 4049 129 4097 ll
149 4059 286 4097 1616661161
304 4042 343 4092 F‘
410 4039 571 4095 1616611111Ἱ
643 4048 673 4095 11
692 4042 798 4111 sequius
817 4044 932 4096 coniecit
910 4041 1159 4124 condendorpr'as
1238 4051 1268 4099 19
1347 4107 1352 4118 ,

96 4137 144 4191 661
161 4152 211 4189 om
230 4137 306 4205 Fe,
302 4133 364 4188 add
383 4133 467 4241 culpo
554 4140 586 4189 ab
604 4136 695 4190 1116161
716 4136 798 4190 6616166
816 4138 966 4208 princeps:
991 4137 1085 4191 auxrel
1106 4139 1150 4208 Fp
1237 4143 1268 4193 22

96 4254 233 4324 6166111·
255 4269 327 4308 omnr
344 4254 384 4317 F,
409 4202 499 4324 611116
615 4259 647 4308 27
666 4205 789 4324 1111116611
806 4255 834 4308 F
915 4261 947 4310 28
967 4258 1004 4310 611
1026 4274 1096 4311 coru
1116 4257 1269 4314 6666666616

96 4365 180 4402 manu
202 4349 232 4401 in
249 4349 332 4400 6161·
320 4365 349 4402 cn
367 4348 413 4418 Fp
