2934 4900
187 278 251 339 212
696 292 789 339 nram
811 293 847 339 111

78 468 81 481 ·
186 466 303 531 gressu
324 451 485 530 gestuoso.
519 444 682 538 ferebatur
703 445 747 510 ab
769 445 832 511 alio
855 446 937 514 cista
959 450 1155 511 secretorum
1177 462 1283 528 capax
1305 462 1362 529 pe

186 555 274 624 nibus
295 557 405 623 celans
427 562 540 641 operta
560 555 753 640 magnificae
775 556 951 641 religionis.
996 556 1132 641 gerebat
1161 554 1244 621 alius
1273 554 1363 620 felici

186 688 247 734 suo
268 666 392 751 gremio
420 666 537 732 summi
566 665 709 733 numinis
732 666 953 733 uenerandam
975 665 1114 749 effigiem
1136 684 1204 731 non
1232 665 1362 750 peeoris

185 798 252 844 non
275 777 348 844 auis
368 797 435 843 non
455 776 544 844 ferae
566 796 605 841 ac
631 794 673 843 ne
700 776 841 844 hominis
864 776 995 861 quidem
1023 776 1127 862 ipsius
1159 774 1362 842 consimilem

186 887 248 955 sed
276 888 398 954 sollerti
430 893 559 972 repertu
593 888 691 953 etiam
724 888 799 972 ipsa
827 888 971 955 nouitate
998 886 1211 953 reuerentiam
1233 887 1395 955 altioris⁵

186 1005 356 1081 utcumque
378 1003 411 1064 et
439 1018 570 1083 magno¹
586 997 714 1064 silentio
747 997 907 1082 tegendae
939 997 1105 1082 religionis
1133 1004 1362 1081 argumentum

186 1108 353 1179 ineffabile
376 1109 435 1175 sed
457 1108 499 1175 ad
523 1109 619 1176 istum
642 1110 738 1195 plane
761 1108 890 1174 modum
905 1107 1047 1192 fulgente
1070 1128 1148 1173 auro
1170 1107 1360 1191 figuratam:

186 1220 303 1284 urnula
323 1218 496 1286 faberrime
518 1224 643 1301 cauata,
664 1218 764 1284 fundo
779 1238 876 1304 quam
891 1218 1027 1284 rotundo
1044 1218 1133 1285 miris
1156 1218 1361 1285 extrinsecus

186 1330 368 1397 simulacris
389 1329 622 1416 Aegyptiorum
645 1329 789 1413 effigiata
817 1328 887 1396 cius
914 1329 1070 1395 orificium
1092 1348 1158 1394 non
1187 1327 1361 1395 altiuscule

185 1437 329 1505 leuatum
351 1441 385 1506 in
407 1441 552 1506 canalem
580 1446 760 1524 porrectum
792 1440 890 1523 longo
919 1440 1023 1506 riuulo
1056 1438 1271 1524 prominebat.
1318 1458 1361 1504 ex
1381 1450 1412 1499 10

187 1550 256 1616 alia
276 1568 354 1619 nero
387 1556 479 1635 parte
507 1552 641 1616 multum
674 1549 829 1617 recedens
852 1550 998 1635 spatiosa
1020 1548 1176 1615 dilatione
1198 1548 1361 1615 adhaere-

186 1660 244 1725 bat
265 1680 347 1727 ansa
368 1680 465 1744 qnam
488 1668 631 1727 contorto
659 1659 780 1726 nodulo
803 1659 1036 1745 supersedebat
1058 1660 1149 1745 aspis
1180 1676 1360 1743 squameae

188 1770 324 1837 ceruicis
346 1772 458 1838 striato
480 1778 603 1837 tumore
626 1771 784 1837 sublimis.

98 1882 164 1949 XII
270 1880 312 1945 Ill
334 1900 407 1947 ecce
428 1881 686 1966 praesentissimi
714 1879 856 1947 numinis
888 1880 1050 1965 promissa
1076 1879 1172 1947 nobis
1201 1878 1363 1946 accedunt

186 1991 347 2057 beneficia
368 1998 400 2057 ct
421 1990 711 2073 fata‘salutcmque
732 1992 839 2076 ipsam
862 2010 967 2056 meam
989 2009 1105 2074 gerens
1129 1989 1281 2057 sacerdos
1304 1989 1361 2055 ad·
1383 1996 1413 2047 15

104 2094 108 2100 ’
187 2102 384 2187 propinquat
404 2101 447 2167 ad
468 2101 576 2186 ipsum
602 2101 837 2186 praescriptum
859 2100 991 2166 diuinae
1018 2100 1244 2185 promissionis
1267 2120 1363 2165 orna·

186 2219 254 2277 tum
276 2212 410 2278 dextera
430 2212 596 2295 proferens
619 2212 750 2278 sistrum
773 2210 864 2293 deae,
887 2210 966 2275 milri
986 2228 1137 2277 coronam
1160 2216 1193 2275 et
1202 2210 1362 2278 Hercules

188 2341 339 2388 coronam
362 2328 604 2407 consequenter,
639 2320 725 2406 quod
747 2327 794 2387 tot
808 2326 841 2386 at
862 2320 963 2387 tantis
991 2321 1169 2387 exanclatis
1190 2322 1362 2387 laboribus

187 2438 234 2498 tot
255 2430 396 2499 emensis
418 2432 570 2515 periculis
598 2429 681 2498 deae
710 2431 873 2498 maximae
900 2430 1106 2518 prouidentia
1138 2430 1362 2499 adluctantem

188 2541 268 2606 milri
291 2542 483 2609 saeuissime
504 2541 664 2608 fortunam
686 2561 882 2627 superarem.
917 2561 978 2608 nec
999 2550 1108 2608 tamen
1130 2542 1249 2626 gaudio
1274 2543 1364 2609 subi·
1383 2559 1414 2608 11

189 2654 271 2719 tario
305 2648 481 2719 commotus
513 2651 697 2718 inclementi
725 2672 776 2717 me
807 2673 903 2720 cursu
931 2653 1076 2738 proripui
1098 2672 1213 2720 nereus
1237 2655 1365 2720 scilicet

189 2783 232 2828 ne
253 2760 423 2846 repentino
445 2761 654 2848 quadripedis
681 2763 804 2848 impetu
832 2763 998 2846 religionis
1020 2763 1147 2844 quietus
1176 2764 1364 2830 turbaretur·

191 2872 269 2938 ordo
292 2871 351 2939 sed
372 2871 500 2957 placido
523 2891 561 2938 ac
582 2893 715 2956 prorsus
737 2873 878 2939 humano
893 2872 997 2956 gradu
1015 2874 1257 2941 cunctabundus
1280 2894 1363 2960 pau·
1381 2874 1449 2936 [263]

189 2983 279 3049 latim
302 2983 466 3067 obliquato
489 3002 622 3068 corpore
653 3003 733 3050 sane
762 2982 916 3049 diuinitus
938 2981 1115 3049 decedente
1144 2986 1263 3069 populo
1287 3005 1362 3051 sen-

89 3084 170 3153 XIII
191 3092 252 3160 sim
274 3093 398 3177 inrcpo.
443 3098 477 3158 at
498 3093 650 3160 sacerdos
671 3099 707 3159 ut
727 3113 844 3178 reapse
866 3111 1060 3178 cognoscere
1081 3095 1186 3179 potui,
1209 3096 1362 3160 nocturni
1379 3089 1412 3140 ²5

190 3203 460 3270 commonefactus
482 3202 604 3269 oraculi
618 3204 817 3287 miratusque
832 3204 1074 3287 congruentiam
1088 3203 1233 3270 mandati
1249 3225 1362 3272 munc-

188 3312 234 3378 ris
256 3305 435 3378 confestim'
452 3313 571 3380 restitit
598 3319 630 3379 et
661 3315 744 3378 ultro
775 3320 922 3398 porrecta
950 3313 1083 3380 dextera
1116 3314 1158 3380 ob
1186 3335 1223 3380 os
1252 3315 1361 3399 ipsum

188 3441 295 3487 mcum
303 3441 453 3488 coronam
462 3422 617 3511 exhibuit.
640 3430 716 3488 tunc
727 3423 961 3509 egotrepidans
973 3423 1110 3490 adsiduo
1122 3427 1218 3510 pulsu
1226 3426 1362 3491 micanti

189 3529 284 3597 corde
312 3551 463 3598 coronam
492 3552 576 3616 quae
604 3534 687 3601 rosis
715 3515 861 3600 amoenis
895 3534 1020 3600 intexta
1047 3535 1231 3618 fulgurabat
1260 3535 1361 3601 auido

188 3661 244 3707 ore
260 3649 441 3727 susceptam
456 3643 592 3728 cupidus
607 3644 930 3727 promissideuoraui.
959 3663 1019 3709 nec
1031 3646 1204 3711 mefefellit
1217 3647 1362 3712 caeleste
1380 3645 1413 3696 3⁰

187 3753 392 3838 promissum.
436 3753 582 3838 protinus
610 3753 689 3819 mihi
711 3753 873 3821 delabitur
890 3753 1042 3821 deformis
1064 3763 1095 3820 ct
1115 3755 1221 3821 ferina
1248 3756 1363 3824 facies.

189 3882 228 3929 ac
249 3863 354 3947 primo
376 3861 505 3947 quidem
528 3862 680 3948 squalens
701 3866 788 3951 pilus
810 3863 921 3930 defluit
942 3883 981 3929 ae
1002 3863 1119 3930 dehinc
1142 3866 1224 3932 cutis
1247 3884 1364 3934 crassa

194 4295 198 4303 ι
261 4225 420 4293 tgeltnofu
433 4225 470 4279 F‘
556 4226 699 4295 agembat
714 4227 769 4298 fp:
784 4226 890 4282 ferebat
906 4227 932 4278 F
1016 4223 1189 4294 'lfiguratam
1203 4225 1365 4282 Oudendor-

188 4317 273 4388 pr'as:
290 4317 406 4386 figurata
421 4317 445 4390 f,
463 4315 579 4389 figurata
596 4339 615 4388 φ
633 4324 660 4373 et
676 4324 707 4373 at
723 4320 820 4374 aida
885 4320 1035 4376 Brutundo
1054 4322 1091 4372 F‘
1162 4324 1191 4373 11
1211 4327 1308 4388 parete
1326 4321 1366 4372 F¹

193 4412 224 4461 25
249 4410 342 4464 rccble
359 4410 388 4466 F
474 4415 508 4467 28
526 4412 627 4468 exibuit
650 4413 675 4463 F
759 4416 792 4466 29
810 4413 912 4482 amemi
927 4411 955 4467 F
