2934 4900
521 243 593 290 etr.
617 203 809 289 xvur-ssxxr
1066 304 1067 307 Ἴ
1186 230 1246 290 109

62 415 105 459 ac
129 393 273 478 benigue
295 398 329 460 ut
351 403 382 460 et
395 395 543 460 molliter
565 393 759 461 assidereet
773 395 944 478 prandium
959 395 1093 480 opipare
1109 397 1246 474 suadeat

64 524 211 570 sumere.
250 505 308 571 sed
336 512 371 570 tu
399 513 431 570 et
462 506 551 570 humi
583 505 690 571 reside
719 512 752 570 et
783 525 902 589 panem
923 505 1088 572 sordidum
1109 508 1245 594 petitum

65 622 156 698 estc,
179 613 299 681 deinde
320 617 467 681 nuntiato
484 617 561 700 quid
576 615 749 682 adueneris
764 620 978 702 susceptoque
992 617 1078 702 quod
1093 618 1245 684 offeretur

62 746 184 791 rursus
207 745 355 792 remeans
378 727 469 792 canis
491 727 661 792 saeuitiam
677 727 776 792 offula
797 725 923 808 reliqua
935 727 1059 813 redime
1073 748 1111 794 ac
1125 729 1245 795 deinde
1291 773 1293 779 ·

29 853 43 898 o
63 855 172 900 auaro
193 837 326 902 nauitae
355 837 432 902 data
466 859 562 921 quam
591 856 820 904 reseruaueras
841 837 925 920 stipe
954 839 1153 920 transitoque
1174 840 1245 906 eius

64 945 172 1010 fluuio
206 948 352 1014 recolens
384 948 494 1030 priora
521 949 660 1030 uestigia
688 946 730 1012 ad
763 947 860 1013 istum
888 949 1075 1014 caelestium
1103 949 1244 1016 siderum

65 1055 181 1122 redies
197 1057 338 1122 chorum.
363 1057 421 1124 sed
443 1059 527 1124 inter
542 1059 650 1124 omnia
671 1057 732 1122 hoe
747 1058 985 1124 obseruandum
1000 1060 1173 1144 praecipue
1186 1061 1244 1126 tibi

65 1185 189 1232 censeo
212 1187 254 1232 ne
276 1168 358 1234 uelis
380 1169 508 1252 aperire
529 1170 582 1234 uel
603 1165 771 1253 *inspicere
798 1168 890 1232 illam
920 1189 1016 1251 quam
1045 1169 1129 1237 ieras
1155 1174 1247 1256 pyri·
1326 1152 1328 1160 ⁸

69 1277 150 1342 dem
173 1280 228 1343 uel
250 1279 380 1344 omnino
404 1278 534 1344 diuinae
557 1278 788 1346 ior-monsitatis
810 1277 955 1342 abditum
977 1280 1134 1346 curiosius
1155 1281 1245 1346 then·

19 1397 47 1444 10
66 1381 230 1454 saurum.’
313 1450 315 1462 ,
670 1405 672 1410 ·
1064 1376 1070 1388 ’

158 1499 213 1566 Sic
235 1501 332 1565 turris
348 1501 404 1564 illa
426 1500 597 1585 prospicua
612 1499 852 1566 uaticinationis
866 1520 982 1568 munus
998 1500 1159 1585 explicuit.
1182 1520 1242 1566 nec
1263 1500 1330 1565 XX

67 1617 200 1675 morata
221 1611 347 1695 Psyche
369 1610 475 1696 pergit
495 1613 678 1674 Taenarum
701 1610 902 1694 sumptisque
928 1610 989 1676 rite
1011 1611 1148 1696 stipibus
1180 1611 1246 1678 illis

68 1728 101 1784 et
125 1721 236 1786 offulis
259 1721 418 1786 internum
449 1720 587 1785 decurrit
617 1727 757 1785 meatum
779 1721 982 1804 transitoque
1003 1740 1061 1807 per
1082 1722 1246 1788 silentium

71 1831 221 1896 asinario
244 1831 342 1896 debili
365 1837 397 1896 et
418 1831 544 1896 amnica
566 1832 649 1914 stipe
671 1831 791 1895 uectori
812 1830 899 1914 data,
923 1832 1069 1915 neglecto
1092 1832 1247 1916 superna-

21 1951 48 1998 to
68 1942 174 2008 tantis
198 1942 313 2005 mortui
336 1940 497 2008 desiderio
520 1947 552 2005 et
580 1940 697 2025 spretis
725 1942 895 2006 textricum
924 1941 1068 2009 subdolis
1096 1941 1246 2027 precibus

69 2060 102 2117 et
128 2051 251 2117 offulae
273 2051 344 2116 cibo
361 2051 467 2136 sopita
482 2040 572 2116 canis
595 2049 759 2116 horrenda
780 2050 871 2116 rabie
886 2051 1015 2116 domum
1031 2053 1247 2136 Proserpinae

68 2167 232 2246 penetrat.
268 2181 327 2227 nec
357 2161 520 2228 offerentis
553 2161 702 2247 hospitae
730 2161 833 2226 sedile
854 2161 1027 2226 delicatum
1055 2164 1109 2228 uel
1141 2162 1247 2228 cibum

69 2274 206 2339 beatum
228 2273 379 2356 amplexa
400 2271 458 2338 sed
479 2279 555 2337 ante
576 2271 678 2354 pedes
701 2272 772 2338 eius
800 2271 948 2338 residens
970 2271 1102 2339 humilis
1124 2274 1246 2340 cibario

69 2404 160 2469 pane
183 2389 335 2448 contenta
356 2383 526 2447 Veneriam
548 2383 686 2467 pertulit·
701 2383 906 2465 legationem.
929 2383 1103 2468 statimque
1124 2392 1247 2452 secreto

22 2508 51 2556 ro
70 2497 235 2579 repletam
265 2495 512 2577 conclusamque
545 2493 700 2579 pyxidem
721 2494 856 2577 suscipit
879 2500 911 2559 et
933 2493 1051 2560 offulae
1079 2496 1247 2580 sequentis

69 2605 187 2671 fraude
210 2602 336 2670 caninis
358 2604 529 2669 latratibus
552 2604 711 2671 obseratis
746 2603 939 2686 residuaque
967 2605 1099 2671 nauitae
1121 2607 1249 2673 reddita

73 2718 161 2801 stipe
183 2716 281 2796 longe
303 2715 448 2799 uegetior
470 2716 511 2779 ab
532 2714 646 2779 inieris
668 2715 812 2779 recurrit.
842 2722 874 2780 ct
895 2715 1032 2800 repetita
1053 2722 1150 2800 atque
1172 2717 1249 2782 ado-

74 2835 150 2892 rata
166 2824 308 2890 candida
322 2825 386 2891 ista
399 2827 472 2891 luce
487 2844 682 2909 quamquam
696 2824 855 2891 festinans
870 2824 1060 2909 obsequium
1075 2828 1249 2893 terminare

22 2960 25 2965 ·
73 2944 218 3003 mentem
241 2936 365 3021 capitur
393 2938 565 3001 temeraria
593 2934 778 3001 curiositate
800 2942 832 3000 et
850 2927 958 3000 ‘ecoe'
983 2934 1087 3018 inquit
1117 2930 1249 3021 ‘inepta

24 3060 53 3109 25
72 3068 133 3131 ego
159 3045 292 3111 diuinae
320 3045 551 3112 formonsitatis
584 3048 714 3130 gerula,
747 3064 830 3129 quae
853 3063 913 3109 neo
934 3045 1096 3110 tantillum
1119 3046 1248 3130 quidem

73 3158 223 3223 indidem
245 3155 325 3220 mihi
347 3155 454 3221 delibo
477 3158 530 3221 uel
551 3157 608 3225 sic.
626 3158 675 3222 illi
696 3156 833 3221 amatori
862 3174 934 3219 meo
962 3156 1125 3223 formonso
1146 3159 1246 3243 placi-

71 3260 160 3333 tura'
187 3249 312 3333 etcum
335 3265 749 3352 dictoreseratpyxidem.
781 3266 1034 3348 necquicquam
1061 3265 1108 3331 ibi
1136 3288 1243 3335 rerum
1268 3270 1352 3337 XXI

73 3398 135 3444 nec
159 3377 365 3444 formonsitas
388 3378 455 3441 ulla
476 3376 535 3442 sed
557 3376 701 3442 infernus
723 3397 857 3443 somnus
878 3395 917 3440 ae
939 3395 1017 3441 uere
1038 3375 1170 3462 Stygius
1192 3380 1248 3464 qui

72 3488 184 3553 statim
215 3489 384 3572 coperculo
413 3487 572 3552 reuelatus
605 3485 730 3552 inuadit
758 3505 832 3553 eam
853 3505 1026 3569 crassaque
1047 3488 1173 3572 soporis
1193 3508 1249 3556 ne·

26 3602 55 3652 ³0
74 3599 155 3663 bula
191 3597 313 3663 cunetis
349 3598 419 3663 eius
454 3596 607 3662 membris
639 3595 842 3680 perfunditur
870 3602 902 3661 et
932 3595 974 3683 in
1005 3596 1076 3681 ipso
1108 3599 1247 3683 uestigio

9 3716 54 3784 lsi]
74 3710 216 3793 ipsaque
247 3707 362 3773 semita
394 3708 580 3791 conlapsam
613 3706 767 3792 possidet.
804 3713 837 3772 et
863 3706 993 3772 iacebat
1018 3706 1196 3775 immobilis.
1214 3717 1246 3777 et

144 3896 160 3945 2
178 3888 265 3960 petrtlr
282 3892 337 3945 esto
354 3891 414 3960 fet
432 3889 491 3957 (scd
507 3908 545 3945 cx
561 3895 727 3952 correctura)
747 3911 783 3959 p.-
800 3895 887 3959 petrtu
904 3890 988 3943 mesta
1005 3891 1030 3940 F
1115 3896 1130 3945 3
1148 3893 1251 3948 offeret

75 4006 111 4054 p:
130 3984 232 4039 efferet
255 3984 280 4034 F
343 3985 497 4043 ‚tremeat
518 4003 555 4052 p.-
578 3983 680 4037 rcmeal
695 3983 724 4036 F
795 3968 890 4052 [entre
913 3984 951 4034 F‘
1049 3973 1183 4054 Sprlxrdd
1207 3988 1250 4056 Fp

78 4084 107 4131 tl
128 4078 160 4131 ul
175 4083 271 4155 ppqtra
289 4076 352 4131 add.
371 4078 400 4131 ic
417 4078 513 4149 mas
585 4080 613 4129 lt
631 4070 768 4129 teuaidF
838 4080 868 4131 rt
887 4072 1014 4131 dedicatd
1032 4078 1076 4145 Vp
1151 4081 1181 4133 21
1200 4080 1250 4134 ob-

77 4168 366 4238 leruatrldclctaulip
436 4169 668 4239 asquanuamF
724 4172 844 4239 ttiepta
852 4169 1251 4277 egopreincptet-(fm'tgotll

75 4292 107 4343 25
125 4290 234 4344 neeric
251 4290 275 4339 F
344 4292 376 4343 26
393 4290 474 4371 mrclu
491 4290 516 4341 F
585 4292 615 4341 at
634 4272 725 4357 pmdd
741 4290 766 4341 Ε
835 4291 868 4342 ts
884 4290 987 4358 erstoq;
1010 4288 1040 4342 F
1111 4292 1140 4343 31
1160 4289 1252 4361 clapla

75 4383 109 4447 F,
126 4380 282 4452 collaplsp
