2934 4900
586 182 597 219 i

190 249 249 313 188
698 257 790 303 mam
811 256 834 302 x
858 240 861 247 '

187 414 325 500 frigidus
347 412 445 501 sudqr
466 411 647 477 emanabat.
691 417 767 473 tnnc
798 406 901 491 pedes
928 405 1059 473 incertis
1088 406 1363 474 alternationibus
1395 386 1400 393 ¹

188 540 396 599 commouere,
419 521 513 586 modo
535 521 619 587 banc
641 518 735 584 modo
757 518 847 583 iliam
869 517 989 602 capitis
1007 523 1132 601 partem
1156 518 1303 601 scalpere
1327 526 1364 585 et

188 654 242 702 ore
266 634 457 701 semiclauso
477 631 661 697 balbutiens
682 628 794 695 nescio
815 646 897 711 quas
919 627 1057 694 afannas
1079 626 1203 694 effutire
1225 635 1259 693 ut
1281 642 1360 694 eum

186 765 282 811 nemo
303 763 435 829 prorsus
451 742 581 825 aculpa
595 758 732 805 uacuum
754 738 867 804 merito
882 736 1037 803 crederet.
1060 736 1119 804 sed
1134 738 1361 805 recalescente

187 874 302 922 rursus
322 854 441 920 astutia
463 850 721 917 constantissime
737 868 857 933 negare
872 855 904 914 et
919 866 1084 913 accersere
1105 846 1266 914 mendacii
1287 870 1360 913 non
1382 862 1401 909 5

187 966 308 1033 desinit
333 962 501 1030 medicum.
545 962 600 1045 qui
634 967 763 1044 praeter
795 949 905 1024 iudicii
938 956 1127 1040 religionem
1157 976 1228 1022 curn
1257 958 1360 1025 fidem

188 1097 277 1144 suam
302 1094 408 1140 coram
435 1072 572 1138 lacerari
600 1070 742 1151 uideret,
775 1068 985 1154 multiplicato
1009 1066 1113 1133 studio
1143 1068 1361 1135 uerberonem

187 1189 278 1252 illum
301 1178 465 1250 contendit
478 1181 673 1265 redarguere
688 1180 791 1247 donec
805 1180 895 1245 iussu
910 1178 1153 1261 magistratuum
1175 1180 1362 1245 ministeria

186 1295 317 1381 publica
338 1292 542 1359 contrectatis
563 1290 755 1375 nequissimi
784 1289 869 1383 serui
890 1277 1041 1355 manibus
1063 1289 1193 1354 anulum
1216 1290 1360 1355 ferreum

187 1406 424 1491 deprehensum
456 1422 526 1468 cum
559 1401 652 1484 signo
688 1401 809 1466 sacculi
837 1399 1019 1481 conferunt,
1053 1417 1135 1482 quae
1157 1401 1360 1484 comparatio
1382 1416 1417 1465 ro

187 1515 433 1601 praecedentem
452 1556 457 1563 -
473 1512 637 1577 roborauit
675 1512 901 1594 suspicionem.
946 1528 1005 1575 nec
1034 1516 1105 1574 rota
1138 1510 1190 1575 uel
1223 1512 1358 1578 eculeus

189 1646 276 1691 more
298 1624 493 1690 craecorum
515 1622 682 1687 tormentis
704 1622 774 1687 eius
795 1627 953 1705 apparata
975 1620 1039 1689 iam
1060 1618 1195 1686 deerant
1218 1620 1275 1687 sod
1298 1623 1361 1685 ob-

187 1737 331 1802 firmatus
353 1736 435 1800 mira
457 1732 718 1817 praesumptione
740 1730 837 1796 nullis
859 1730 1048 1797 uerberibus
1065 1738 1109 1795 'ac
1130 1748 1172 1797 nc
1194 1731 1265 1815 ipso
1288 1734 1362 1815 qui-

189 1847 264 1913 dem
287 1845 466 1913 succumbit
486 1843 563 1927 igni.

119 1939 167 2005 ΧῙ
274 1958 358 2020 Tum
379 1955 524 2021 medicus
542 1946 619 2017 ‘non
641 1942 756 2037 patiar³
781 1942 1071 2035 inquit‘Hercules‚
1087 1972 1152 2016 non
1174 1953 1281 2037 patiar
1302 1955 1361 2019 nel
1382 1963 1414 2011 15

188 2074 301 2132 contra
321 2067 372 2132 fas
394 2064 434 2130 de
456 2064 626 2129 innocente
647 2062 710 2127 isto
731 2063 850 2128 iuuene
866 2061 1058 2147 supplicium
1073 2080 1133 2127 nos
1155 2081 1280 2128 sumere
1302 2066 1361 2129 uel

186 2177 271 2241 huno
292 2175 455 2241 ludificato
478 2180 587 2240 nostro
615 2172 734 2237 iudicio
756 2191 894 2255 poenam
917 2171 1006 2237 noxii
1028 2172 1181 2239 facinoris
1205 2172 1359 2241 euadere.

186 2288 271 2352 dabo
295 2288 379 2352 enim
403 2284 450 2350 rei
472 2284 653 2369 praesentis
676 2281 810 2349 euidens
826 2288 1058 2365 argumentum.
1082 2303 1156 2348 nam
1172 2302 1244 2348 cum
1259 2302 1360 2350 uene-

186 2418 262 2464 num
284 2395 534 2483 pcremptorium
557 2383 745 2479 comparare
767 2392 929 2476 pessimus
951 2393 1013 2459 iste
1034 2393 1166 2476 gestiret
1188 2412 1247 2460 nec
1262 2413 1361 2462 meae

187 2514 294 2575 sectae
326 2506 489 2573 crederem
522 2505 693 2570 conuenire
731 2524 846 2570 causas
881 2503 937 2569 ulli
969 2503 1126 2590 praebere
1155 2506 1268 2572 mortis
1296 2522 1363 2571 nec
1380 2527 1413 2575 no

188 2617 286 2684 exitio
308 2617 366 2684 sed
389 2617 484 2684 saluti
514 2615 677 2680 hominum
705 2614 899 2680 medicinam
928 2615 1106 2698 quaesitam
1130 2633 1203 2681 csse
1225 2613 1361 2682 didicis-

187 2749 266 2808 sem,
289 2747 408 2794 uerens
423 2746 465 2793 ne
481 2726 509 2793 si
524 2724 672 2789 daturum
694 2745 746 2790 me
768 2744 949 2808 negassem,
973 2726 1201 2811 intempestiua
1222 2727 1359 2810 repulsa

187 2840 275 2905 uiam
298 2838 410 2904 sceleri
433 2836 711 2903 subministrarem
744 2842 777 2900 et
809 2834 850 2899 ab
883 2836 947 2899 alio
976 2836 1126 2920 quopiam
1155 2836 1360 2902 exitiabilem

186 2955 347 3015 mercatus
375 2948 437 3012 bio·
456 2948 619 3031 potionem
641 2947 694 3010 uel
721 2950 918 3029 postremum
947 2943 1056 3028 gladio
1079 2945 1131 3011 uel
1153 2947 1267 3027 quouis
1289 2947 1359 3014 telo

186 3061 279 3125 nefas
307 3059 492 3124 inchoatum
510 3056 708 3141 perficeret,
743 3055 818 3120 dedi
852 3073 1012 3120 uenenum
1045 3053 1103 3121 sed
1136 3057 1358 3142 somniferam,
1380 3071 1412 3121 25

186 3169 436 3252 mandragoram
446 3167 535 3233 illum
547 3166 734 3250 grauedinis
747 3172 928 3250 compertae
939 3165 1096 3232 famosum
1107 3171 1140 3231 et
1150 3167 1244 3231 morti
1256 3167 1360 3233 simil-

185 3280 255 3345 limi
263 3279 388 3363 soporis
397 3279 569 3344 efficacem.
584 3260 644 3341 nec
658 3265 1080 3359 mirumdesperatissimum
1092 3277 1360 3344 istumlatronem

187 3396 308 3454 certum
331 3395 492 3454 extremae
513 3406 649 3469 poenae,
672 3405 756 3470 quae
771 3405 858 3451 more
881 3386 1036 3450 maiorum
1058 3386 1092 3451 in
1108 3405 1179 3452 eum
1194 3389 1359 3472 competit,

186 3499 347 3565 cruciatus
369 3499 449 3565 istos
471 3503 506 3562 ut
525 3498 665 3563 leuiores
681 3497 776 3562 facile
791 3497 939 3561 tolerare.
963 3496 1021 3562 sed
1036 3497 1064 3562 si
1079 3515 1156 3562 uere
1176 3517 1258 3582 puer
1274 3500 1359 3566 meis
1378 3501 1442 3580 [cll]

186 3615 397 3700 temperatam
430 3607 581 3673 manibus
613 3607 749 3690 sumpsit
780 3606 951 3690 potionem,
986 3607 1067 3670 uiuit
1100 3613 1132 3672 et
1160 3607 1297 3688 quiescit
1329 3617 1362 3675 et
1379 3632 1410 3682 30

187 3720 304 3785 dormit
325 3726 358 3785 et
378 3717 524 3803 protinus
545 3717 688 3783 marcido
720 3736 835 3801 sopore
857 3715 1004 3783 discusso
1026 3717 1183 3782 remeabit
1204 3716 1247 3782 ad
1270 3717 1360 3784 diem

186 3829 344 3895 lucidam:
368 3827 451 3911 quod
476 3828 503 3894 si
525 3847 602 3894 uere
623 3832 809 3913 peremptus
825 3832 884 3908 est·
907 3827 935 3892 si
957 3833 1057 3892 morte
1079 3834 1273 3910 praeuentus
1296 3837 1358 3913 est,

189 3939 353 4025 quaeratis
373 3939 448 4003 licet
470 3958 586 4003 causas
608 3937 720 4003 mortis
743 3937 814 4002 eius
837 3932 939 4003 alias?

105 4055 172 4122 XII
277 4047 328 4114 Ad
349 4048 445 4115 istum
460 4047 589 4113 modum
602 4048 728 4113 seniore
743 4047 899 4112 adorante
921 4047 1051 4129 placuit,
1067 4053 1099 4112 et
1114 4048 1177 4112 itur
1189 4050 1361 4144 confestum

186 4203 490 4212 -η---ῳ-κ-

254 4284 399 4337 dalannal
420 4283 479 4353 Fc,
506 4283 545 4352 cf.
560 4300 592 4353 p.
622 4283 685 4347 160,
715 4281 749 4334 28
853 4285 882 4335 12
907 4281 1038 4346 οίῆηηαη
1063 4281 1091 4336 F
1189 4285 1216 4334 17
1234 4276 1305 4349 pena
1335 4281 1366 4336 F

187 4380 220 4428 26
236 4371 284 4428 illd
302 4375 354 4442 Fa,
373 4376 478 4444 rlludf
564 4381 594 4430 2¹1
615 4361 710 4429 efficab
727 4374 781 4442 Fa,
800 4375 934 4445 efficaxf
1012 4380 1044 4430 28
1063 4387 1132 4446 pene
1151 4373 1179 4428 F
1248 4390 1250 4393 ·
