2934 4900
206 195 263 256 170
690 208 785 255 amur
806 208 880 255 urm

205 380 257 428 res
279 368 348 427 erat
369 357 499 426 tandem
522 360 715 444 suspicatur.
750 366 781 424 et
803 360 944 445 impulsa
966 361 1378 445 mensa‘protinusremo-

202 478 300 555 taque
322 491 424 539 cauea
444 469 591 556 producit
613 455 775 536 hominem
798 474 927 538 crebros
950 458 1112 539 anhelitus
1134 493 1230 558 aegre
1259 474 1378 539 rellan-

203 589 268 649 tem
289 581 568 667 inflammatusque
590 579 814 664 indignatione
829 583 1041 649 contumeliae
1055 583 1199 667 gladium
1220 583 1377 667 flagitans

203 690 349 775 iugulare
362 693 547 757 moriturum
568 688 748 774 gestiebat,
760 692 795 758 ni
816 700 962 777 respecto
977 695 1137 760 communi
1152 695 1296 780 periculo
1319 696 1380 759 uix

205 822 278 868 eum
307 803 348 866 ab
376 804 498 887 impetu
527 802 647 868 furioso
670 802 886 871 cohibuissem
909 803 1115 872 adseuerans,
1136 804 1227 870 breui
1250 804 1410 889 absquae

204 932 290 979 noxa
312 912 412 979 nostri
434 918 548 995 suapte
570 912 735 978 inimicum
758 913 828 981 eius
850 914 1006 979 uiolentia
1028 914 1157 981 sulfuris
1186 914 1378 997 periturum.

203 1042 262 1087 nec
285 1022 419 1089 suadela
440 1041 513 1088 mea
534 1022 592 1089 sed
615 1022 718 1106 ipsius
741 1023 788 1089 rei
810 1025 1004 1091 necessitate
1027 1026 1144 1093 lenitus
1167 1026 1287 1109 quippe
1310 1025 1379 1089 iam

100 1188 105 1196 .
204 1134 393 1199 semiuiuum
415 1134 504 1198 illum
527 1134 560 1199 in
582 1133 762 1216 proximum
785 1133 934 1218 deportat
954 1136 1169 1221 angiportum.
1206 1140 1274 1199 tum
1297 1156 1380 1200 uxo-

203 1263 275 1335 rem¹
293 1243 363 1310 eius
385 1244 481 1309 tacite
504 1244 593 1310 suasi
613 1263 651 1308 ac
673 1243 814 1328 denique
843 1246 989 1329 persuasi
1023 1245 1187 1312 secederet
1207 1246 1379 1330 paululum

203 1360 298 1437 atque
322 1354 407 1419 ultra
427 1353 530 1439 limen,
548 1355 702 1419 tabernae
724 1354 767 1420 ad
790 1356 974 1440 quampiam
1003 1356 1162 1440 tantisper
1183 1354 1379 1420 familiarem
1401 1374 1426 1422 ro

204 1463 266 1529 sibi
294 1465 459 1530 mulierem
487 1463 593 1548 quoad
622 1465 727 1549 spatio
756 1465 884 1533 feruens
921 1466 1027 1531 mariti
1041 1459 1043 1467 ’
1057 1466 1223 1532 sedaretur
1245 1466 1379 1533 animus

203 1575 258 1659 qui
279 1581 368 1639 tanto
391 1576 497 1641 calore
519 1566 673 1657 tantaque
694 1576 785 1641 rabie
808 1578 974 1660 perculsus
996 1597 1062 1642 non
1085 1583 1154 1643 erat
1176 1574 1293 1642 dubius
1317 1577 1380 1641 ali-

207 1684 284 1766 quid
306 1684 403 1751 etiam
426 1684 467 1751 de
489 1704 525 1751 se
547 1705 668 1769 suaque
690 1686 825 1770 coniuge
847 1686 971 1753 tristius
986 1687 1127 1771 proiecto
1151 1686 1302 1769 cogitare.
1326 1694 1378 1751 ta·

203 1795 283 1859 lium
325 1796 562 1861 contubernalis
598 1796 766 1879 epularum
803 1796 911 1862 taedio
954 1798 1081 1881 fugatus
1125 1797 1225 1861 larem
1263 1798 1381 1862 reueni

203 1898 326 1971 meum?
627 1957 629 1961 ,
1399 1930 1426 1977 15

72 2006 182 2073 XXVI
286 2016 376 2082 Haec
398 2022 585 2082 recensente
621 2017 742 2100 pistore
771 2018 836 2082 iam
860 2016 979 2083 dudum
1001 2036 1122 2101 procax
1144 2022 1175 2083 et
1203 2017 1380 2082 temeraria

202 2127 318 2193 mulier
339 2127 449 2193 uerbis
477 2126 701 2193 execrantibus
729 2128 859 2193 fullonis
892 2128 979 2194 illius
1002 2127 1221 2193 detestabatur
1242 2146 1380 2193 uxorem

135 2221 138 2225 ’
203 2238 292 2303 illam
314 2237 481 2322 perfidam,
493 2237 581 2303 illam
596 2237 802 2322 impudicam,
818 2237 957 2321 denique
972 2238 1115 2304 uniuersi
1138 2256 1235 2303 sexus
1250 2238 1380 2321 grande

203 2347 360 2431 dedecus,
390 2367 473 2430 quae
495 2368 553 2415 suo
583 2346 705 2433 pudore
734 2350 914 2433 postposito
944 2349 1069 2432 torique
1091 2347 1228 2431 genialis
1250 2348 1381 2417 calcato

204 2458 334 2525 foedere
355 2460 457 2524 larem
471 2459 578 2525 mariti
599 2459 750 2544 lupanari
773 2461 968 2526 maculasset
988 2459 1131 2542 infamia,
1153 2459 1284 2543 iamque
1307 2478 1381 2541 per·
1399 2475 1427 2524 ao

204 2569 271 2635 dita
293 2576 413 2654 nuptae
426 2569 585 2652 dignitate
599 2570 790 2654 prostitutae
806 2570 869 2646 sibi
884 2589 999 2635 nomen
1015 2569 1198 2636 adsciuerit.
1232 2567 1382 2636 addebat

204 2687 235 2746 et
256 2681 338 2746 tales
351 2686 509 2764 oportere
531 2682 625 2747 uiuas
647 2681 738 2746 exuri
761 2681 917 2748 feminas:
938 2687 969 2746 et
990 2687 1099 2746 tamen
1119 2679 1209 2744 taciti
1231 2681 1383 2747 uulneris

204 2798 236 2856 et
258 2810 337 2857 suae
359 2789 511 2857 sordidae
533 2791 751 2858 conscientiae
774 2791 968 2857 commonita·
989 2811 1051 2873 quo
1074 2789 1228 2856 maturius
1251 2794 1383 2874 stupra-

202 2907 304 2966 torem
332 2922 425 2967 suum
452 2901 603 2984 tegminis
631 2902 774 2967 cruciatu
806 2902 972 2984 liberaret,
1007 2900 1195 2967 identidem·
1216 2897 1383 2966 suadebat

203 3013 353 3078 maritum
382 3012 556 3095 temperius
585 3011 683 3095 quieti
716 3011 876 3078 recedere.
921 3017 955 3076 at
983 3012 1037 3076 illc
1060 3017 1168 3094 utpote
1195 3009 1428 3094 interceptam

207 3141 287 3188 cena
308 3107 494 3206 profugerat
515 3141 647 3205 prorsus
662 3120 799 3206 ieiunus,
823 3141 969 3188 mensam
991 3121 1097 3206 potius
1120 3121 1251 3185 comiter
1266 3127 1382 3203 postu-

201 3231 300 3296 labat.
344 3218 581 3316 adponebatei
611 3251 747 3316 propere
776 3233 924 3316 quamuis
953 3232 1057 3297 inuita
1085 3230 1199 3296 mulier
1227 3230 1383 3314 quippini

203 3340 397 3407 destinatam
425 3342 492 3407 alii.
536 3341 594 3408 sed
616 3341 695 3406 mibi
728 3337 857 3426 penitus
880 3342 1095 3427 carpebantur
1126 3339 1318 3425 praecordia
1350 3347 1383 3407 et

203 3451 401 3536 praecedens
423 3453 547 3518 facinus
571 3459 602 3516 et
624 3459 828 3537 praesentem
850 3451 1043 3518 deterrimae
1064 3452 1202 3517 feminae
1225 3457 1382 3517 constan·

203 3562 282 3626 tiam
304 3562 457 3645 cogitanti
480 3582 668 3647 mecumque
691 3562 803 3629 sedulo
827 3561 1047 3629 deliberabam
1071 3563 1163 3646 siquo
1185 3561 1281 3626 modo
1303 3583 1382 3645 pos·
1399 3573 1429 3622 30

204 3692 272 3738 sem
304 3672 437 3739 detectis
465 3692 503 3736 ac
530 3674 683 3740 reuelatis
717 3673 887 3742 fraudibus
914 3667 1070 3738 auxilium
1098 3692 1169 3738 meo
1202 3671 1382 3754 perhibere

203 3782 331 3847 domino
353 3784 522 3867 illumque,
557 3785 612 3866 qui
634 3784 677 3850 ad
699 3787 803 3850 instar
824 3782 995 3851 testudinis
1018 3785 1146 3880 alueum
1168 3783 1381 3864 succubabat,

273 4008 376 4071 tptem
401 4003 431 4066 F,
458 4008 569 4070 ptrmp
656 4002 803 4071 biulpurrl
818 4003 847 4056 F
931 4007 960 4056 13
985 4005 1115 4084 cogitaret
1139 4001 1194 4069 F¹p
1282 4000 1381 4054 talium

204 4119 330 4191 lipsiae:
348 4117 404 4174 alrir
422 4123 475 4188 Fe,
494 4120 605 4189 alruds
684 4123 717 4174 20
734 4120 827 4191 federe
844 4122 868 4173 F
944 4124 976 4174 22
994 4121 1063 4174 talei
1077 4120 1111 4190 f:
1136 4120 1198 4173 talri
1215 4119 1253 4184 F,
1279 4081 1343 4172 tafit
1361 4140 1381 4188 φ

203 4241 235 4290 23
254 4222 360 4292 admota
386 4239 425 4292 F‘
517 4243 550 4294 26
569 4239 692 4308 muger&
720 4241 745 4290 F
841 4243 873 4294 28
898 4202 976 4308 penr13
1000 4243 1021 4308 (ς
1040 4241 1068 4294 r'a
1095 4255 1149 4293 rus.
1173 4238 1211 4302 F,
1237 4241 1332 4306 penita
1362 4258 1383 4306 φ

205 4335 236 4384 32
256 4327 334 4384 albeir
352 4333 389 4386 F‘
