2934 4900
380 296 381 306 χ
490 239 563 287 cnr.
586 239 836 285 xxxi-xxxam
884 224 888 230 ’
1204 219 1242 280 77

126 389 235 468 montis
253 389 281 442 in
300 388 399 443 excelsi
417 388 527 458 scopulo
546 393 577 441 tu
595 388 659 442 siste
676 387 793 458 puellam
1243 368 1390 433 XXXIII

204 489 327 536 ornatam
345 481 443 536 mundo
463 481 566 536 funerei
583 481 701 537 thalami.

127 591 185 630 nec
204 591 297 644 speres
315 589 441 644 generum
458 575 565 629 mortali
582 575 664 643 stirpe
683 579 803 628 creatum

204 668 253 722 sed
270 684 382 722 saeuum
400 673 480 736 atque
500 667 586 722 ferum
605 669 796 736 uipereumque
814 667 920 730 malum,

35 767 47 814 5
129 761 184 830 qui
202 761 291 830 pinnis
309 761 429 829 uolitans
448 777 528 830 super
546 762 655 815 aethera
675 766 774 816 cuncta
791 759 887 828 fatigat

207 843 370 923 flammaque
388 861 415 909 et
433 854 504 908 ferro
523 855 627 924 singula
645 855 774 910 debilitat.

132 949 183 1002 eui
200 949 290 1002 tremit
307 949 366 1016 ipse
384 949 464 1018 louis,
484 963 536 1016 quo
555 949 664 1004 nmnina
681 947 864 1012 terrificantur

206 1041 369 1110 fluminaque
387 1043 547 1096 horrescunt
565 1047 592 1096 et
610 1042 715 1112 Stygiae
732 1042 868 1096 tenebrae.
951 1107 956 1116 ,
1138 1111 1143 1117 .

67 1181 122 1228 rex
154 1163 234 1227 olim
263 1163 377 1229 beatus
407 1163 506 1229 affatu
538 1170 669 1232 sanctae
703 1163 944 1231 uaticinationis
966 1168 1097 1248 accepto
1127 1161 1243 1246 pigens

27 1287 51 1335 to
68 1273 237 1356 tristisque
259 1279 344 1338 retro
366 1272 496 1338 domum
517 1275 623 1359 pergit
646 1261 789 1359 suaeque
811 1274 939 1358 coniugi
954 1279 1127 1358 praecepta
1148 1254 1243 1341 sortis

69 1382 191 1448 enodat
213 1383 382 1450 infaustae.
427 1393 586 1451 maeretur
608 1385 702 1450 fletur
723 1385 918 1451 lamentatur
939 1384 1055 1451 diebus
1077 1382 1243 1470 plusculis.

70 1493 125 1558 sed
149 1493 243 1559 dirae
266 1495 360 1560 sortis
383 1495 447 1558 iarn
471 1503 563 1578 urget
584 1502 688 1562 taeter
710 1496 853 1562 effeetus.
897 1496 962 1562 iam
984 1488 1132 1570 feralium
1165 1514 1244 1577 nup-

69 1605 188 1669 tiarum
211 1605 411 1672 miserrimae
426 1605 545 1689 uirgini
561 1606 745 1689 choragium
761 1606 901 1688 struitur,
923 1605 991 1669 iam
1005 1604 1121 1670 taedae
1135 1605 1243 1670 lumen

72 1721 162 1780 atrae
186 1715 332 1798 fuliginis
355 1715 462 1782 cinere
477 1717 654 1800 marcescit,
679 1696 711 1782 et
733 1737 832 1783 sonus
854 1716 954 1782 tibiae
970 1716 1083 1798 zygiae
1105 1721 1244 1779 mutatur

30 1829 54 1876 15
72 1823 102 1888 in
126 1827 296 1916 querulum
318 1827 456 1910 Lydium
480 1826 607 1890 modum
630 1833 807 1911 cantusque
829 1827 933 1893 laetris
961 1825 1134 1911 hymenaei
1155 1826 1243 1909 lugu·

73 1935 120 1999 bri
142 1935 254 2001 finitur
276 1937 400 2002 ululatu
423 1943 454 2002 et
476 1937 585 2022 puella
606 1945 746 2022 nuptura
760 1937 905 2021 deterget
918 1937 1069 2003 lacrimas
1091 1937 1163 2022 ipso
1186 1957 1243 2001 suo

71 2045 230 2112 flammeo.
275 2047 321 2113 sic
343 2046 491 2113 adfectae
506 2047 622 2114 domus
643 2048 735 2114 triste
759 2049 859 2113 fatum
874 2054 988 2113 cuncta
1010 2048 1106 2112 etiam
1129 2047 1243 2115 ciuitas

73 2156 283 2240 congemebat
304 2157 454 2247 luctuque
476 2158 605 2243 publico
627 2159 797 2225 confestim
826 2177 1012 2242 eorrgmens
1041 2157 1174 2224 edicitur
1195 2158 1244 2221 iu-

15 2257 54 2324 l5⁸]
72 2267 211 2332 stitium..

30 2374 55 2424 2⁰
156 2377 223 2444 Sed
244 2378 373 2445 monitis
396 2379 588 2446 caelestibus
610 2379 747 2466 parendi
769 2378 947 2446 necessitas
962 2378 1215 2462 misellamPsy·
1236 2375 1396 2441 XXXIIII

74 2487 155 2553 chen
177 2488 221 2554 ad
235 2489 430 2556 destinatam
446 2511 584 2575 poenam
607 2492 817 2576 efflagitabat.
854 2490 1005 2577 perfectis
1020 2490 1118 2573 igitur
1132 2489 1243 2555 feralis
1402 2470 1406 2477 ⁵

73 2598 206 2683 thalami
238 2619 309 2664 cum
345 2622 469 2667 summo
504 2622 650 2669 maerore
685 2602 910 2671 sollemnibus*
928 2607 994 2667 toto
1029 2606 1244 2693 prosequente

75 2710 188 2793 populo
210 2711 321 2777 uiuum
342 2712 526 2797 producitur
547 2714 641 2778 funus
670 2720 701 2779 et
729 2708 901 2780 lacrimosa
922 2710 1047 2795 Psyche
1076 2712 1245 2775 comitatur

75 2838 139 2883 uon
164 2822 295 2904 nuptias
324 2823 382 2889 sed
410 2826 565 2908 exequias
595 2844 682 2889 suas,
727 2843 765 2887 ac
794 2822 870 2886 dnm
898 2823 1013 2888 maesti
1040 2827 1191 2905 parentes
1214 2826 1245 2885 et

30 2941 57 2990 aa
74 2935 162 2993 tanto
184 2932 269 2996 malo
291 2933 404 3017 perciti
425 2934 584 2999 nefarium
611 2934 735 2999 facinus
759 2932 912 3016 perficere
934 2937 1138 3007 cunctantur,
1171 2931 1244 3014 ipsa

74 3040 132 3103 illa
153 3040 219 3106 filia
240 3043 360 3110 talibus
383 3064 438 3110 eos
460 3042 648 3109 adhortatur
669 3042 803 3108 uocibus

157 3144 255 3229 ‘Quid
292 3154 452 3220 infelicem
488 3160 652 3221 senectam
687 3153 765 3219 fletu
798 3152 922 3219 diutino
959 3150 1132 3217 cruciatis?
1167 3148 1245 3234 quid

77 3262 222 3343 spiritum
244 3271 396 3347 uestrum,
430 3266 484 3349 qui
506 3266 609 3348 magis
631 3284 722 3331 ureus
746 3271 803 3346 est,
827 3262 949 3329 crebris
977 3262 1149 3327 eiulatibus
1176 3261 1245 3325 fati-

77 3372 179 3454 gatis?
201 3373 278 3457 quid
300 3375 442 3441 lacrimis
463 3374 684 3441 inefficacibus
707 3394 763 3439 ora
785 3355 865 3438 mihi
879 3372 1066 3439 ueneranda
1087 3371 1246 3437 foedatis?

33 3498 61 3547 ae
78 3482 154 3565 quid
178 3486 328 3551 laceratis
359 3486 392 3550 in
421 3486 538 3551 uestris
567 3486 667 3552 oeulis
697 3505 770 3550 mea
802 3486 948 3549 lumina?
985 3482 1062 3566 quid
1095 3473 1245 3547 canitiem

79 3604 380 3615 Ἦ..-

147 3676 156 3721 1
182 3677 211 3724 tu
237 3671 298 3725 siste
324 3668 629 3724 Iadrrios.·m·1fte
653 3669 724 3733 (subl
750 3671 779 3723 io
808 3684 862 3723 ras.
893 3659 957 3722 odd.
988 3682 1085 3721 aranos
1116 3666 1245 3728 scoarrdot
1304 3666 1307 3669 ’

80 3786 112 3851 F,
137 3789 251 3858 exrftep
345 3738 521 3858 aspelrasp:
541 3786 623 3857 sper&
640 3789 665 3839 F
730 3787 842 3841 marcalr
859 3787 927 3841 Fet
945 3798 1026 3848 (corr.
1043 3787 1072 3840 ia
1090 3785 1245 3852 mortaldo

84 3880 182 3951 5Qr‘rr
198 3897 253 3935 ras.
272 3884 300 3935 ia
318 3882 355 3946 F,
381 3901 435 3951 qo
523 3882 619 3951 iquoi
636 3880 765 3935 Iadm'ua·
792 3880 863 3949 quod
882 3880 925 3949 Fu
1012 3880 1119 3948 Sitrgre
1138 3878 1166 3931 F
1230 3882 1245 3931 9

85 3989 129 4041 pig
143 4005 153 4025 .
169 4006 179 4026 s
195 3977 233 4041 (in
251 3991 305 4029 ras.
324 3976 435 4046 competit
453 3991 481 4029 er
497 3991 595 4029 coortus
612 3973 740 4039 secunda)
760 3974 818 4043 For
844 3977 871 4029 fa
896 3994 915 4043 φ
928 3974 1060 4045 praetactas
1082 3971 1141 4041 fuit
1150 3972 1249 4081 Υιζιςθῐιΐ

84 4095 115 4143 14
131 4080 215 4148 emere
231 4095 343 4148 arcefcrt
359 4094 388 4147 F
452 4096 543 4164 zygiae
561 4092 731 4149 Beroaldus:
750 4108 825 4163 gygre
843 4094 875 4158 F,
892 4108 959 4161 grgre
977 4112 996 4161 p
1068 4096 1097 4145 15
1116 4087 1197 4160 quelir
1214 4091 1246 4156 F,

82 4172 192 4257 quilius
267 4188 334 4242 ludu
351 4188 458 4241 modum
477 4189 607 4259 prirrrr'tus
629 4185 700 4255 soit,
725 4186 789 4241 hino
815 4187 934 4241 secaoda
958 4202 1054 4240 mortus
1076 4186 1146 4255 fecit
1170 4184 1246 4239 ludui

83 4282 109 4330 et
124 4280 229 4335 indormit
246 4281 354 4335 modum
378 4283 405 4335 ia
423 4282 461 4346 F,
487 4268 670 4351 ludrlmodIry
747 4282 862 4335 hrmener
879 4280 908 4334 F
977 4285 1006 4334 ‘ll
1028 4274 1099 4349 pena
1116 4278 1144 4331 F
1214 4282 1246 4331 26

84 4370 218 4429 adortatur
235 4375 278 4443 Fy
365 4380 397 4429 29
415 4374 513 4445 fedatis
528 4376 556 4433 F
