2934 4900
571 1093 862 1172 PRAEFATIO
911 1046 914 1050 ’

165 1472 169 1489 ,
218 1401 369 1468 Codicem
384 1402 637 1468 Laurentianum
653 1403 756 1468 solum
778 1400 997 1467 adhibendum
1020 1423 1093 1471 esse
1116 1407 1158 1472 ad
1174 1407 1302 1492 Apuleii

131 1506 232 1572 uerba
259 1504 462 1571 emendanda
491 1511 523 1568 et
549 1503 708 1568 Henricus
738 1502 864 1568 Keilius
892 1505 1144 1573 luculentissime
1174 1509 1306 1575 demon·

132 1609 249 1674 strauit
270 1615 301 1672 et
322 1595 432 1674 ottoni
453 1605 567 1682 lahnio
596 1606 642 1668 ita
663 1605 825 1688 persuasit
845 1611 880 1669 ut
908 1625 979 1671 eam
1001 1608 1303 1694 Metamorphoseon

131 1711 324 1796 particulam
347 1726 430 1793 quae
452 1708 495 1773 ad
518 1707 685 1792 Cupidinis
708 1713 740 1772 et
761 1707 904 1792 Psyches
932 1728 1058 1777 amores
1081 1719 1205 1796 spectat
1226 1713 1303 1780 inde

133 1813 266 1898 egregia
294 1817 363 1876 arte
392 1810 588 1876 'restitueret
639 1808 859 1890 requirebatur
894 1816 929 1874 ut
961 1811 1095 1878 tandem
1129 1814 1305 1897 aliquando

133 1916 261 1999 reliqua
281 1911 583 1996 Metamorphoseon
604 1931 681 1995 pars
704 1909 748 1975 ad
769 1909 906 1976 eundem
929 1912 1071 1978 codicem
1100 1923 1214 1982 exacta
1236 1936 1308 1981 cum

132 2017 317 2083 homiuibus
334 2015 436 2081 doctis
451 2013 748 2078 communicaretur.
786 2012 899 2096 quain
913 2033 950 2079 re
965 2035 1027 2096 quc
1042 2018 1138 2083 modo
1154 2026 1304 2085 uersatus

135 2119 198 2186 sim
221 2119 284 2182 iam
301 2137 340 2183 ex
362 2117 423 2182 boc
445 2135 517 2181 mec
541 2115 687 2199 exemplo
709 2114 889 2198 apparebit.
913 2126 1061 2200 superest
1084 2128 1119 2184 ut
1139 2120 1304 2186 nobilissi-

135 2239 209 2285 mae
231 2219 438 2285 membranae
461 2237 653 2307 quamquam
683 2236 705 2280 a
732 2216 841 2282 multis
869 2216 1053 2302 descriptae
1083 2223 1197 2305 quales
1226 2222 1308 2287 mibi
1362 2270 1364 2275 -

137 2323 228 2387 uisae
251 2323 315 2388 sint
338 2321 477 2386 breuiter
499 2320 668 2385 declarem.
723 2346 724 2349 ¹

223 2423 336 2490 Codex
349 2423 563 2489 'Florentinus
585 2421 801 2493 bibliothecae
823 2424 1062 2506 Laurentianae
1091 2426 1192 2509 plutei
1214 2430 1264 2508 68,
1289 2429 1308 2489 2

138 2528 277 2613 scriptus
299 2528 411 2593 estin
440 2526 635 2594 membranis
664 2530 786 2595 formae
814 2527 991 2612 quadratae
1019 2527 1151 2595 maioris
1180 2530 1309 2595 saeculo

137 2630 316 2697 undecimo.
372 2634 498 2695 constat
529 2629 614 2695 foliis
642 2639 768 2697 centum
800 2631 980 2713 nonaginta
1013 2650 1087 2694 uno.
1142 2632 1310 2696 columnae

139 2734 337 2815 singularum
359 2732 552 2815 paginarum
574 2740 647 2799 sunt
668 2735 775 2817 binae,
793 2734 949 2800 uersiculi
969 2732 1083 2797 triceni
1105 2732 1203 2814 quini.
1248 2733 1312 2798 Me-

138 2834 389 2919 tamorphoseon
411 2834 537 2898 initium
560 2836 662 2900 estin
685 2822 762 2901 folio
787 2840 847 2901 126
869 2841 943 2919 post
956 2834 1157 2917 Apologiam,
1181 2835 1256 2899 linis
1277 2835 1312 2900 in

139 2938 216 3002 tolio
242 2940 311 3001 183.
356 2944 506 3002 secuntur
526 2937 667 3003 Florida.
710 2938 765 3002 hic
786 2937 889 3002 codex
911 2936 1070 3019 duplicem
1093 2937 1310 3002 calamitatem

141 3044 293 3123 expertus
316 3044 373 3104 est.
418 3059 494 3104 nam
514 3047 641 3123 praeter
670 3039 913 3105 emendationes
942 3038 1064 3122 primae
1092 3058 1207 3103 manus
1229 3058 1313 3122 quae

140 3148 264 3206 tantum
287 3160 352 3205 non
374 3158 487 3205 omnes
514 3141 672 3207 leuissimi
701 3141 856 3207 momenti
884 3146 973 3223 sunt,
1004 3141 1107 3205 altera
1135 3160 1239 3223 eaque
1262 3160 1313 3206 se·

144 3243 265 3327 quioris
287 3243 360 3307 aeui
383 3242 506 3307 litteras
528 3242 685 3325 quasdam
709 3244 811 3309 erasit
831 3249 887 3308 aut
909 3262 992 3327 quae
1022 3242 1125 3308 nitido
1157 3242 1313 3327 tenuique

142 3345 240 3411 ductu
261 3345 367 3428 prima
387 3344 537 3428 pinxerat
558 3364 598 3410 ea
619 3346 740 3413 crassis
767 3346 862 3411 lineis
895 3346 1107 3429 superpositis
1136 3343 1258 3409 deleuit
1280 3351 1314 3409 ut

142 3446 231 3512 haud
252 3466 326 3511 raro
349 3446 411 3511 nisi
439 3446 503 3510 alio
532 3446 716 3513 adiumento
746 3448 792 3513 uti
814 3467 944 3532 posses,
975 3447 1032 3511 uix
1060 3445 1138 3529 quid
1166 3446 1315 3530 primitus

143 3549 240 3614 luerit
261 3548 421 3632 expiscari
443 3550 580 3616 ualeres.
618 3549 735 3615 deinde
758 3548 917 3633 quaedam
940 3533 1049 3631 partes
1071 3549 1140 3613 siue
1161 3568 1248 3631 aqua
1268 3548 1316 3612 in-

144 3651 217 3717 lusa
239 3651 310 3717 siue
325 3669 408 3734 quae
435 3651 495 3716 fuit
509 3652 575 3717 alia
589 3652 750 3737 pernicies
771 3651 817 3715 ita
839 3657 1037 3717 euanuerunt
1052 3656 1087 3714 ut
1101 3657 1315 3716 atramentum

144 3774 296 3837 magnam
318 3760 444 3837 partem
465 3775 532 3819 non
553 3754 691 3839 amplius
713 3759 907 3838 compareat.
943 3753 1006 3818 bae
1029 3759 1137 3818 tamen
1160 3758 1315 3837 quotquot

144 3858 291 3939 integrae
311 3857 444 3922 relictae
466 3864 548 3931 sunt,
570 3877 680 3923 ueram
695 3856 802 3922 labem
824 3857 946 3921 nullam
961 3861 1204 3937 contraxerunt;
1229 3854 1315 3938 quod

147 3957 175 4023 si
197 3958 307 4023 folium
327 3959 375 4024 ita
402 3960 611 4025 collocaueris
639 3966 674 4024 ut
695 3959 816 4024 lumine
836 3955 1028 4024 transuerso?
1040 3956 1246 4038 illuminetur,
1262 3958 1316 4023 uel

145 4061 337 4127 tenuissima
366 4062 434 4126 siue
461 4062 605 4127 litterula
633 4062 702 4127 siue
731 4061 859 4145 uirgula
892 4061 989 4145 plene
1017 4059 1202 4145 apparebit,
1240 4058 1317 4142 quia

147 4163 335 4228 membrana
362 4163 418 4228 ubi
446 4170 658 4229 atramentum
687 4184 753 4229 non
780 4163 927 4245 retinuit,
957 4164 1100 4227 seruauit
1126 4162 1232 4226 locum
1261 4161 1317 4225 ubi

147 4255 361 4329 atramentum
383 4268 487 4333 fuerat
502 4273 533 4331 et
554 4266 724 4349 uestigium
739 4265 866 4331 litterae
889 4264 963 4331 olim
980 4270 1132 4329 exaratae
1154 4263 1234 4329 satis
1249 4271 1318 4327 mass

147 4368 307 4433 nitestum.
338 4367 395 4433 sed
406 4368 493 4434 idem
509 4370 563 4436 ille
585 4368 690 4447 homo,
707 4370 761 4452 qui
775 4374 890 4453 postea
911 4387 987 4433 suas
1003 4365 1248 4431 emendationes
1270 4366 1316 4430 in-
