2934 4900
207 213 266 276 132
615 206 621 228 ¹
703 227 796 274 omar
818 229 868 275 vn

204 382 385 466 pugnisque
407 382 561 466 pulsatus·
576 386 608 447 et
630 380 772 447 calcibus
794 387 946 446 contusus
975 380 1045 444 infit
1076 379 1227 446 deierans
1250 381 1388 446 nullum

117 570 119 575 ,
207 499 309 559 semet
331 492 416 558 uidis
431 492 630 558 seductorem
653 491 710 556 sed
732 493 829 576 plane
844 492 1062 557 continuatum
1086 491 1278 556 solutumst
1301 492 1388 557 soli-

167 635 168 649 *
206 603 322 668 tarium
352 604 392 666 ob
419 602 579 686 iudiciuae
602 603 780 686 praemium
809 620 983 686 occupasse
1011 600 1140 665 domino
1176 610 1286 668 tamen
1317 622 1386 667 suo

206 714 435 780 restituturum.
455 706 570 794 ‘atque
592 712 715 777 utinam
737 713 808 795 ipse
830 704 954 778 asinus'
980 712 1083 795 inquit
1097 731 1192 795 quem
1208 733 1385 796 nunquam

202 825 345 908 prolecto
368 821 531 902 uidissem,
555 841 665 887 nocem
683 823 788 906 quiret
810 822 985 887 humanam
1008 821 1086 887 dare
1108 841 1263 906 meaeque
1287 824 1418 888 testi-5

205 935 345 998 monium
368 933 571 1000 innocentiae
593 932 764 1017 perhibere
785 936 910 1017 posset!
933 932 1075 1016 profecto
1092 953 1150 999 uos
1172 931 1275 998 huius*
1291 933 1385 998 inin-

202 1045 271 1110 'riae
293 1036 440 1128 pigeret'

287 1155 339 1220 Sic
367 1153 566 1220 adseuerans
604 1153 685 1218 nihil
723 1152 892 1237 quicquam
929 1153 1146 1237 promonebat.
1185 1172 1260 1216 nam
1291 1152 1383 1217 collo

202 1263 405 1330 constrictum
428 1263 581 1328 reducunt
604 1282 676 1327 eum
698 1269 843 1345 pastores
859 1263 986 1328 molesti
1009 1271 1120 1328 eontra
1141 1263 1259 1328 montis
1281 1262 1381 1328 illius

75 1374 184 1440 XXVI
206 1377 328 1441 siluosa
349 1394 499 1453 nemora,
514 1372 599 1439 unde
615 1375 737 1458 lignum
759 1392 839 1455 puer
861 1374 987 1439 solebat
997 1393 1138 1456 egerere.
1160 1392 1219 1437 nec
1241 1373 1380 1458 uspiam
1403 1381 1431 1429 1⁰

199 1485 282 1551 ruris
306 1485 448 1568 aperitur
469 1484 523 1548 ille
546 1483 604 1550 sed
626 1485 723 1568 plane
746 1503 861 1567 eorpus
883 1485 953 1549 eius
968 1465 1169 1548 membratim
1193 1485 1380 1548 laceratum

201 1596 371 1678 multisque
394 1594 576 1678 dispersum
599 1595 677 1660 locis
700 1593 906 1677 conspicitur.
950 1614 1045 1678 quam
1060 1615 1127 1660 rem
1142 1595 1255 1679 procul
1270 1593 1379 1659 dubio

201 1705 379 1772 sentiebam
403 1723 462 1788 ego
484 1705 572 1769 illius
595 1723 690 1770 ursae
705 1703 854 1768 dentibus
877 1723 948 1769 csse
971 1704 1142 1789 perfectam
1165 1711 1197 1770 et
1211 1705 1378 1770 Hercules

201 1816 339 1882 dicerem
363 1813 447 1898 quod
464 1814 614 1897 sciebam,
632 1816 660 1880 si
675 1813 828 1897 loquendi
843 1815 937 1898 copia
953 1814 1183 1899 suppeditaret.
1207 1814 1266 1881 scd
1282 1815 1378 1898 quod

197 1928 299 1992 solnm
321 1935 465 2009 poteram
487 1926 603 1992 tacitus
625 1925 699 1989 licet
721 1944 814 1990 serae
836 1924 997 1989 uindictae
1024 1925 1220 2008 grahrlabar.
1259 1931 1291 1989 et
1319 1945 1378 1990 ca·
1401 1935 1426 1981 15
1463 2000 1464 2005 ¹

197 2037 298 2102 dauer
320 2035 449 2119 quidem
465 2035 608 2101 disiectis
629 2035 776 2119 partibus
799 2034 929 2100 tandem
952 2042 1051 2100 totum
1074 2042 1233 2119 repertum
1257 2055 1379 2117 acgre-
1463 2028 1464 2077 ἶ

198 2165 260 2229 que
289 2145 512 2209 concinnatum
543 2145 662 2211 ibidem
691 2152 795 2209 terrae
828 2143 963 2220 dedere,
998 2165 1103 2211 meum
1126 2165 1201 2210 uero
1225 2145 1377 2210 Bellero·

197 2256 358 2340 phantom,
382 2255 564 2321 abactorem
587 2255 801 2320 indubitatum
817 2261 1045 2338 cruentumque
1067 2275 1285 2340 percussorem
1309 2258 1378 2320 cri-

197 2368 358 2431 minantes
395 2365 436 2430 ad
473 2386 567 2432 casas
604 2366 731 2430 interim
769 2386 844 2430 suas
876 2365 1017 2430 uinctum
1051 2365 1230 2450 perducunt
1258 2366 1377 2450 quoad
1463 2370 1465 2415 t

196 2477 379 2545 renascenti
409 2477 461 2542 die
498 2477 644 2560 sequenti
667 2476 823 2543 deductus
845 2476 888 2541 ad
909 2474 1132 2560 magistratus,
1161 2483 1196 2541 ut
1223 2478 1373 2559 aiebant,
1395 2492 1426 2541 co

196 2606 321 2672 poenae
342 2586 538 2653 redderetur.
1462 2601 1463 2658 1

281 2698 413 2763 Interim
436 2698 510 2762 dnm
532 2717 666 2782 puerum
690 2698 780 2762 illum
809 2704 959 2781 parentes
982 2698 1031 2762 sui
1059 2689 1268 2783 plangoribus
1291 2719 1373 2781 que·

196 2807 347 2873 rebantur
379 2814 410 2873 et
446 2806 623 2873 adueniens
661 2828 733 2873 ecoe
771 2808 908 2874 rusticus
937 2827 1141 2893 nequaquam
1169 2808 1371 2893 promissum
1462 2803 1464 2887 l

196 2938 287 2983 suum
310 2918 479 2984 frustratus
502 2918 695 2983 destinatam
718 2920 892 2983 sectionem
915 2937 1020 2982 meam
1048 2918 1173 3001 flagitat
1191 2912 1275 2983 ‘non
1298 2913 1369 2985 est’

195 3028 230 3094 in
251 3028 302 3093 his
325 3028 428 3112 inquit
449 3050 532 3095 unus
551 3022 713 3093 ‘indidem
735 3029 1040 3112 p1·aesens·iactura
1054 3035 1164 3095 nostra
1186 3029 1244 3095 sed
1266 3031 1371 3114 plane
1390 3052 1422 3099 ‘25

196 3139 334 3203 crastino
357 3138 436 3203 libet
457 3158 522 3203 non
543 3145 668 3203 tantum
692 3145 841 3203 naturam
864 3158 975 3203 uerum
998 3138 1095 3203 etiam
1118 3146 1215 3224 caput
1236 3161 1371 3223 quoque

196 3248 301 3332 ipsum
324 3249 466 3332 pessimo
481 3249 542 3313 isto
558 3250 651 3315 asino
668 3248 840 3313 demetere.
878 3267 936 3313 nee
951 3248 1011 3313 tibi
1032 3250 1245 3315 ministerium
1261 3250 1372 3315 deerit

195 3350 352 3424 istorum'

40 3469 172 3567 δ11111111
280 3468 333 3533 Sic
355 3468 500 3532 effectum
524 3475 573 3534 est
595 3475 629 3532 ut
651 3470 684 3533 in
707 3470 842 3534 alterum
859 3466 944 3532 diem
959 3468 1069 3535 clades
1085 3469 1266 3536 differretur
1281 3490 1369 3536 mea.

195 3586 229 3643 at
251 3598 310 3661 ego
333 3578 455 3661 gratias
478 3578 614 3661 agebam
632 3579 714 3643 bono
741 3598 840 3663 puero
863 3577 949 3662 quod
971 3580 1083 3643 saltem
1100 3586 1242 3646 mortuus
1265 3602 1371 3647 unam
1390 3605 1422 3655 ao

195 3689 400 3754 carnificinae
423 3708 515 3753 meae
538 3688 697 3754 dieculam
721 3688 881 3754 donasset.
906 3708 965 3753 nec
987 3695 1096 3754 tamen
1120 3691 1279 3755 tantillum
1304 3694 1370 3757 sal-

267 3864 445 3934 lpugnrq;F¹
513 3860 686 3919 hcontruatd
704 3864 736 3928 F,
756 3860 912 3933 cetrnatlrp
981 3863 1185 3933 31ndrc1ner
1257 3866 1304 3919 luo
1324 3884 1370 3921 rc·
1460 3925 1461 3940 ,

194 3958 348 4015 ltrtuturum
366 3963 447 4026 atque
463 3952 540 4010 utrnb
553 3962 667 4028 praeter
689 3949 880 4011 ”euurrucrunt
897 3959 925 4011 tu
945 3958 975 4021 F,
994 3957 1122 4028 Iepurrtar
1139 3958 1167 4010 in
1185 3977 1205 4026 p
1292 3964 1308 4011 5
1328 3978 1372 4015 ur·
1460 3959 1462 4026 ξ

195 4038 263 4105 dille
289 4034 362 4105 uoci
380 4055 493 4122 praeter
519 4034 550 4103 ci
577 4056 748 4104 coercuerunt
771 4052 799 4103 in
822 4051 860 4115 F,
885 4052 1013 4122 loquatur
1039 4051 1067 4103 in
1091 4070 1110 4119 φ
1204 4053 1328 4106 Surchrl
1345 4055 1377 4109 F
1460 4033 1462 4108 l

198 4173 226 4222 11
248 4168 350 4237 operri,
373 4184 389 4223 o
408 4188 425 4223 a
451 4169 571 4225 secunda
594 4186 676 4223 marre
694 4170 722 4223 in
740 4184 840 4223 rasura
858 4170 896 4234 F,
921 4132 1012 4238 aplap
1100 4174 1129 4222 11
1148 4157 1329 4227 1ιε11ειο1οιιῐὸ
1348 4175 1375 4225 F

195 4266 225 4317 21
245 4262 353 4332 pqnql
423 4266 455 4316 23
474 4260 498 4314 dc
515 4278 565 4317 om.
585 4282 604 4331 φ
691 4266 721 4315 27
742 4262 875 4316 demetere
892 4262 1039 4317 Heinsius:
1059 4261 1206 4324 demereF¹
1270 4268 1305 4318 28
1325 4276 1371 4334 οιι

195 4356 224 4409 in
240 4355 315 4420 rltozc
333 4356 361 4409 tn
383 4370 438 4409 ras.
457 4356 485 4409 in
501 4355 530 4411 F
616 4360 648 4409 30
665 4356 787 4409 mortuui
802 4374 838 4424 p.-
856 4359 934 4424 mort3
952 4355 1011 4421 (scd
1027 4354 1151 4421 deletum)
1169 4354 1198 4409 F
