2934 4900
236 205 295 264 174
723 222 815 275 mom
837 222 913 269 vnn

76 384 205 469 XXXII
227 376 339 443 labore
360 373 480 437 uictum
503 372 565 438 sibi
587 379 765 456 quaereret.
810 393 862 440 res
891 373 963 459 ipsa
993 374 1071 439 mihi
1104 394 1238 459 poscere
1274 374 1397 442 uidetur

134 488 138 496 ’
232 496 267 553 ut
289 487 384 551 huius
406 502 532 568 quoque
554 483 677 549 seruitii
699 484 764 549 mei
786 484 991 569 disciplinam
1014 505 1184 570 exponam.

315 595 472 661 Matutino
486 612 538 658 me
560 593 668 660 multis
690 594 855 662 holeribus
871 605 1021 663 onustum
1043 596 1222 682 proximam
1238 595 1397 661 ciuitatem

231 708 389 774 deducere
425 710 593 770 consuerat
629 703 779 771 dominus
816 712 912 789 atque
949 705 994 771 ibi
1031 706 1253 773 uenditoribus
1282 705 1417 797 tradita.

231 816 378 884 mercede
406 815 535 880 dorsum
563 814 708 881 Insidens
738 834 842 881 meum
859 802 861 827 '
877 816 923 883 sla
952 816 1077 882 hortum
1105 816 1220 883 redire.
1264 836 1303 881 ac
1326 816 1394 881 dun
1409 801 1447 917 du

231 928 357 994 fodiens
379 926 454 991 dum
476 926 616 1010 irrigans
639 932 809 1010 ceteroque
838 927 990 994 incuruus
1017 927 1130 993 labore
1153 926 1308 1008 deseruit,
1343 946 1393 1009 ego

228 1038 387 1123 tantisper
416 1036 539 1101 otiosus
567 1035 689 1119 placita
716 1037 822 1119 quiete
852 1038 1031 1103 recreabar.
1077 1037 1135 1105 sed
1157 1056 1231 1103 cccc
1259 1036 1394 1103 siderum

123 1148 127 1172 ¹
229 1147 386 1213 ordinatis
408 1146 600 1228 ambagibus
622 1165 681 1229 per
702 1145 852 1213 num'eros
867 1147 992 1213 dierum
1007 1167 1046 1214 ac
1061 1168 1229 1215 mensuum
1251 1166 1393 1213 remeans

228 1279 333 1325 annus
355 1264 428 1342 post
442 1258 654 1322 mustulentas
674 1257 819 1323 autumni
836 1256 970 1325 delicias
985 1258 1027 1323 ad
1042 1257 1196 1325 hibernas
1212 1256 1393 1341 Capricorni

226 1370 361 1455 pruinas
383 1366 558 1433 deflexerat
574 1372 606 1431 et
627 1364 774 1433 adsiduis
796 1367 915 1452 pluuiis
931 1369 1160 1453 nocturnisque
1182 1368 1392 1433 rorationibus
1408 1383 1430 1431 u

133 1557 135 1559 v
228 1479 287 1544 suh
311 1478 364 1544 dio
387 1483 419 1543 et
440 1477 558 1542 intecto
580 1478 749 1545 conclusus
781 1478 907 1544 stabulo
930 1479 1082 1544 continuo
1104 1478 1324 1545 discruciabar
1346 1477 1393 1541 tri·

226 1608 311 1673 gere,
335 1588 454 1673 quippe
476 1608 547 1652 cum
564 1606 654 1653 meus
669 1587 818 1655 dominus
841 1607 921 1673 prae
943 1589 1044 1653 nimia
1058 1595 1248 1674 paupertate
1269 1607 1312 1654 ne
1334 1586 1389 1653 sibi

196 1737 201 1741 ·
226 1700 365 1784 quidem,
387 1696 506 1763 nedum
528 1698 608 1763 mihi
630 1706 740 1783 posset
763 1705 906 1765 stramen
922 1698 1054 1781 aliquod
1075 1700 1129 1765 uel
1144 1699 1295 1782 exiguum
1316 1697 1389 1781 tegi·

224 1829 299 1876 men
320 1827 437 1894 parare
458 1807 517 1874 sed
539 1807 691 1875 frondoso
713 1810 842 1875 casulae
857 1816 1025 1877 contentus
1047 1810 1232 1875 umbraculo
1256 1809 1388 1892 degeret.

223 1921 267 1986 ad
302 1921 362 1985 hoc
397 1918 554 1983 matutino
592 1919 692 1983 lutum
721 1920 819 1986 nimis
848 1920 998 2004 frigidum
1034 1921 1190 2005 gelusque
1222 1924 1388 2005 praeacuta
1406 1928 1427 1975 15

222 2032 326 2097 busta
354 2028 450 2095 nudis
485 2028 643 2095 inuadens
672 2030 811 2114 pedibus
827 2030 984 2119 ¹enitebar
1012 2050 1050 2097 ao
1080 2051 1122 2097 ne
1151 2029 1251 2097 suetis
1279 2030 1387 2095 saltem

175 2222 180 2231 ‚
223 2140 353 2207 cibariis
381 2147 526 2206 uentrem
555 2159 661 2205 meum
689 2142 816 2225 replere
843 2147 998 2226 poteram.
1042 2161 1182 2225 namque
1205 2148 1237 2207 et
1264 2139 1387 2203 mihiel

224 2252 288 2334 ipsi
311 2250 440 2315 domino
462 2270 543 2317 cena
574 2272 634 2335 par
655 2268 695 2316 ac
717 2251 848 2333 similis,
883 2251 1002 2336 oppido
1024 2260 1133 2317 tamen
1154 2250 1261 2317 tenuis
1282 2248 1388 2315 aderat
1430 2286 1434 2295 ,

224 2363 370 2440 lactucae
391 2367 517 2427 ueteres
540 2368 571 2426 et
593 2363 746 2427 insuaues
769 2361 855 2444 illae,
880 2380 962 2445 quae
978 2362 1110 2428 semiuis
1126 2361 1249 2427 enormi
1265 2367 1387 2425 senecta

225 2471 268 2536 ad
304 2472 407 2537 instar
443 2492 611 2556 scoparum
640 2473 674 2536 in
709 2491 853 2538 amaram
883 2475 1013 2538 caenosi
1050 2491 1145 2540 sucus
1175 2472 1292 2538 cariem
1320 2489 1387 2536 exo·
1403 2491 1427 2538 ru

127 2584 130 2590 ’
226 2584 361 2652 lescunt.
845 2563 847 2569 ¹

71 2689 219 2757 XXXIII
330 2693 431 2758 Nocte
453 2691 593 2773 quadam
615 2691 850 2775 paterfamilias
883 2691 1012 2776 quidam
1047 2693 1088 2760 de
1120 2699 1224 2778 pago‘
1239 2709 1387 2777 proxumo

216 2802 367 2869 tenebris
388 2802 532 2868 inluniae
555 2803 704 2885 caligims
734 2802 909 2888 impeditus
939 2811 971 2869 et
1002 2803 1104 2870 imbre
1132 2805 1233 2869 nimio
1255 2801 1388 2868 madel-

223 2920 292 2980 ctus
315 2921 412 2997 atque
434 2913 475 2978 oh
496 2913 531 2977 id
552 2913 594 2978 ab
616 2913 730 2978 itinere
754 2912 874 2979 directo
897 2913 1056 2980 cohibitus
1085 2913 1135 2978 ad
1156 2914 1312 2978 hortulum
1331 2931 1385 2976 no·

223 3031 322 3090 strum
344 3024 409 3089 iam
431 3024 518 3090 fesso
541 3043 623 3106 equo
645 3023 829 3089 deuerteret
850 3031 1061 3108 receptusque
1085 3023 1216 3090 comiter
1237 3043 1292 3110 pro
1313 3030 1384 3086 tem·
1401 3048 1428 3096 25

223 3154 316 3217 pore,
353 3135 429 3199 licet
458 3152 523 3198 non
553 3133 707 3216 delicato,
746 3135 931 3201 necessario
964 3143 1072 3200 tamen
1102 3135 1217 3218 quietis
1247 3131 1382 3200 subsidio

223 3247 421 3309 remunerari
437 3244 611 3326 benignum
626 3244 787 3328 hospitem
804 3245 937 3328 cupiens
958 3245 1114 3329 promittit
1136 3245 1165 3310 ei
1188 3244 1228 3309 de
1249 3239 1381 3328 praediis

224 3353 291 3419 suis
313 3372 386 3419 sese
407 3352 554 3418 daturum
577 3360 609 3419 et
630 3355 780 3419 frumenti
803 3361 834 3419 et
856 3354 933 3434 oliui
949 3355 1072 3437 aliquid
1094 3362 1126 3420 et
1147 3355 1284 3439 amplius
1305 3351 1378 3416 duos

201 3463 291 3534 ,uini
314 3462 421 3529 cados.
444 3483 504 3528 nec
525 3469 669 3529 moratus
692 3483 783 3530 meus
807 3466 933 3530 saeculo
950 3472 982 3532 et
1003 3465 1126 3532 utribus
1148 3465 1260 3532 uacuis
1282 3481 1379 3530 seeum

223 3572 401 3656 adportatis
428 3573 536 3639 nudae
565 3575 679 3657 spinae
707 3593 800 3639 meae
828 3575 976 3642 residens
1005 3575 1047 3641 ad
1071 3569 1305 3658 sexagesimum
1324 3575 1380 3634 sta·
1397 3603 1421 3652 3[

223 3683 311 3747 dium
334 3683 561 3766 profectionem
585 3692 760 3768 comparat.
784 3704 821 3750 eo
844 3685 909 3750 iam
933 3685 1075 3752 confecto
1098 3685 1171 3751 uiae
1196 3685 1297 3769 spatio
1316 3698 1380 3765 per-

222 3790 369 3858 uenimus
396 3792 440 3857 ad
475 3793 657 3876 praedictos
685 3814 781 3878 agros
814 3795 924 3878 ibique
952 3797 1059 3886 statim
1088 3814 1193 3862 meum
1227 3794 1378 3860 dominum

222 3904 321 3968 comis
349 3903 467 3986 hospes
496 3903 621 3988 opipari
650 3903 788 3989 prandio
820 3905 1001 3990 participat.
1046 3907 1174 3990 iamque
1197 3908 1244 3972 eis
1266 3899 1378 3988 poculis

289 4162 304 4209 2
321 4158 422 4211 serurtu
438 4156 469 4226 f:
488 4157 577 4210 rerum
595 4157 619 4207 F
636 4163 661 4212 et
679 4164 742 4212 cate
760 4174 830 4213 corr.
851 4177 871 4227 φ
957 4161 971 4212 3
990 4154 1107 4213 honultb
1125 4159 1150 4208 F
1227 4151 1246 4212 Ι9
1264 4160 1373 4212 autunm

220 4251 259 4305 sie
276 4250 320 4318 aa
408 4254 437 4303 11
457 4249 559 4320 druof
640 4255 670 4304 14
689 4256 827 4306 contectus
845 4251 929 4322 uulqo
1016 4256 1048 4306 20
1068 4252 1198 4336 cenoblf
1265 4252 1306 4320 Ι22
1321 4243 1375 4315 qda

220 4343 253 4396 de
269 4343 302 4412 s:
319 4343 354 4412 qd
366 4349 447 4398 meae
464 4341 564 4408 nidd}
583 4357 601 4412 q
618 4357 660 4397 me
680 4363 700 4411 φ
726 4412 728 4415 Ι
771 4348 802 4398 ht
821 4341 991 4413 begmgan
1054 4345 1196 4414 phdana
1264 4341 1330 4398 tant
1342 4335 1372 4390 F
