2934 4900
247 187 287 246 7o
745 201 841 247 nram
860 201 913 248 1111

125 345 224 416 XXII
330 353 407 420 Post
434 352 532 420 istum
567 353 724 418 sermonis
758 353 929 418 terminum
959 352 1082 437 poculis
1110 351 1217 418 aureis
1245 351 1410 417 memoriae

248 462 469 529 defunctorum
498 463 749 528 commilitonum
770 462 846 528 uino
874 484 963 529 mero
991 463 1111 545 libant,
1140 461 1258 528 dehinc
1286 461 1411 527 canticis

249 573 443 656 quibusdam
463 573 558 637 Marti
579 573 640 640 dec
662 572 801 639 blanditi
814 575 980 659 paululum
994 573 1233 657 conquiescunt.
1271 580 1307 638 at
1322 571 1411 637 nobis

248 703 340 752 anus.
354 683 411 749 illa
433 703 547 750 reeens
570 681 700 748 ordeum
723 682 859 749 adfatim
889 691 920 749 et
941 685 1012 750 sine
1034 685 1101 749 nlla
1122 703 1275 749 mensura
1302 682 1411 766 largita

248 800 306 876 est,
329 801 364 860 nt
386 814 486 878 equus
502 793 633 878 quidem
655 813 746 860 meus
761 799 853 859 tanta
874 795 969 877 eopIa
991 800 1024 860 et
1038 783 1169 878 quidem
1191 793 1279 859 solus
1301 793 1430 877 potitus

250 904 331 969 salie
352 923 387 970 se
415 923 549 970 cenasse
578 903 730 970 crederet.
777 925 837 987 ego
866 923 943 969 uero
973 924 1149 988 numquam
1176 902 1259 969 alias
1285 902 1410 969 ordeum

247 1013 371 1080 cibatus
383 1015 425 1106 ‘ni
438 1014 630 1080 minutatum
648 1021 679 1079 et
696 1013 821 1080 diutina
839 1015 1055 1098 coquitatione
1071 1013 1265 1080 iurulentum
1280 1017 1410 1098 [semper

250 1125 375 1202 aserim]
399 1124 534 1190 rimatus
558 1125 711 1208 angulum
727 1145 791 1208 qno
805 1125 902 1208 panis
924 1125 1080 1209 reliquiae
1093 1125 1191 1190 totius
1206 1123 1410 1189 multitudinis
1445 1206 1446 1211 ἵ

141 1313 142 1316 ¹
247 1241 420 1318 congestae
442 1234 583 1317 fuerant,
613 1219 723 1300 fauces
752 1235 879 1301 diutina
907 1235 992 1299 lame
1015 1235 1143 1301 saucias
1171 1241 1203 1299 et
1225 1242 1409 1300 araneantes

247 1344 393 1410 ualenter
421 1363 566 1410 exerceo.
618 1337 650 1411 et
684 1363 757 1410 ecce
785 1350 886 1410 noete·
906 1352 1054 1430 promota
1087 1346 1231 1411 latrones
1260 1343 1409 1429 expergiti
1424 1353 1440 1399 tt

246 1461 354 1522 castra
375 1460 576 1520 commouent
597 1454 809 1538 instructique
832 1456 935 1538 narie,
957 1457 1075 1541 partim
1095 1455 1216 1541 gladiis
1238 1454 1362 1535 armati,
1382 1453 1409 1517 in

246 1565 400 1631 Lemures
423 1564 587 1631 reformati
606 1564 733 1650 'concito
757 1584 793 1631 se
807 1567 913 1649 gradu
935 1566 1126 1651 proripiunt.
1163 1585 1223 1632 nec
1239 1584 1289 1630 me
1311 1571 1409 1629 tamen

246 1675 409 1742 instanter
419 1694 457 1740 ac
471 1675 595 1741 fortiter
605 1673 854 1742 manducantem
869 1678 922 1742 uel
933 1697 1065 1744 somnus
1080 1676 1252 1743 imminens
1263 1673 1410 1759 impedire

246 1786 360 1870 potnit.
395 1793 428 1852 et
442 1806 637 1870 quamquam
651 1787 741 1872 prius
753 1805 823 1858 cum
839 1807 945 1854 essem
956 1787 1085 1869 Lucius,
1101 1789 1195 1852 unico
1210 1787 1264 1852 uel
1280 1783 1409 1852 secundo
1433 1861 1440 1872 ,

246 1916 331 1978 pane
360 1902 527 1962 contentus
556 1916 670 1963 mensa
698 1896 903 1978 decederem,
933 1905 1008 1963 tunc
1036 1896 1141 1963 uentri
1169 1905 1236 1962 tam
1262 1893 1409 1982 profundo
1422 1865 1441 1995 ἐξ

249 2007 394 2073 seruiens
419 2007 484 2071 iam
507 2007 605 2072 ferme
621 2007 750 2073 tertium
766 2008 896 2091 qualum
911 2008 1123 2091 remigabam.
1160 2007 1236 2072 huic
1256 2026 1307 2072 me
1329 2003 1409 2088 operi

115 2115 228 2180 XXIII
250 2118 420 2182 attonitum
443 2116 530 2182 clara
551 2118 608 2182 lux
628 2117 800 2202 oppressit,
841 2118 973 2185 tandem
999 2120 1108 2208 itaque
1130 2117 1249 2184 asinali
1271 2134 1408 2182 uerecun-

247 2226 302 2292 dia
325 2227 438 2292 dnctus
467 2227 647 2311 aegerrime
675 2234 785 2292 tamen
812 2227 998 2312 digrediens
1026 2229 1130 2293 riuulo
1158 2227 1304 2312 proximo
1333 2225 1408 2291 sitim

249 2338 345 2403 lenio.
390 2355 449 2402 neo
471 2357 562 2402 mora
589 2356 661 2403 curn
682 2338 825 2405 latrones
847 2339 931 2404 ultra
945 2339 1035 2404 anxii
1057 2345 1153 2424 atque
1169 2338 1299 2404 solliciti
1320 2353 1408 2400 reme·
1448 2374 1449 2383 ι

248 2455 314 2530 ant,
337 2450 458 2513 nullam
488 2447 618 2531 quidem
645 2470 778 2533 prorsus
800 2450 961 2516 sarcinam
983 2452 1037 2517 uel
1064 2451 1193 2516 omnino
1215 2450 1291 2517 licet
1321 2446 1409 2512 uilem
1422 2454 1442 2501 a

187 2600 193 2612 ·
247 2558 398 2623 laciniam
421 2540 560 2624 ferentes
582 2559 640 2625 sed
661 2565 787 2624 tantum
808 2560 945 2644 gladiis,
974 2561 1051 2627 totis
1073 2561 1221 2626 manibus
1250 2560 1343 2625 immo
1369 2556 1408 2620 f-

247 2668 363 2733 otionis
385 2687 464 2735 suae
487 2668 609 2753 cunctis
631 2668 755 2736 uiribus
778 2672 906 2736 unicam
936 2672 1095 2755 uirginem
1122 2672 1176 2736 filo
1199 2670 1363 2736 liberalem
1380 2671 1407 2731 et
1449 2753 1450 2766 ἵ

246 2785 280 2844 ut
301 2785 499 2847 matronatus
523 2781 593 2845 eius
615 2779 781 2846 indicabat
804 2787 993 2847 summatem
1016 2782 1173 2865 regionis,
1204 2782 1341 2867 puellam
1361 2794 1405 2839 me

246 2889 400 2956 Hercules
430 2900 461 2955 et
489 2890 582 2957 asino
616 2890 674 2955 tali
709 2891 1000 2976 concupiscendam
1029 2898 1225 2959 maerentem
1255 2898 1287 2957 et
1313 2888 1406 2955 crines

246 3018 317 3065 cnm
340 3007 430 3065 ueste
452 3021 512 3067 sua
534 3000 727 3067 lacerantem
756 3001 972 3068 aduehebant.
1018 3022 1088 3068 eam
1116 3002 1213 3068 simul
1241 3003 1325 3067 intra
1345 3016 1406 3081 spe·
1420 3010 1441 3055 a

247 3109 375 3174 luneam
389 3110 565 3195 uerbisque
580 3131 662 3192 quae
677 3110 809 3177 dolebat
824 3112 950 3178 minora
964 3112 1118 3179 iacientes
1141 3113 1188 3179 sic
1203 3112 1406 3196 adloquuntur

318 3375 332 3422 3
352 3374 380 3423 at
398 3370 427 3423 in
446 3385 502 3422 ros.
519 3370 542 3439 f
552 3372 630 3439 (qaid
641 3372 772 3441 primitus
779 3373 869 3442 suerit
886 3388 941 3427 noir
958 3372 1092 3443 despicio),
1110 3381 1153 3425 eni
1171 3393 1190 3441 φ
1279 3379 1294 3429 6
1315 3373 1370 3427 tolie
1385 3369 1406 3420 it

249 3462 417 3517 Salmasius:
442 3463 517 3516 salros
533 3464 564 3526 F,
582 3463 665 3529 saliet,
683 3464 747 3519 odd.
765 3466 794 3519 ia
819 3482 907 3536 marg.
928 3464 1015 3519 Sahcc
1034 3486 1069 3534 φ,
1096 3466 1174 3519 talias
1193 3468 1218 3520 te
1234 3468 1346 3522 corriecit
1363 3464 1404 3519 er-

249 3555 416 3630 dcadorpios
490 3560 507 3609 6
524 3556 626 3611 hordeo
640 3558 746 3612 orbatus
761 3543 918 3613 [immutati
937 3558 941 3627 l
961 3559 985 3611 ia
1002 3559 1061 3622 (sad
1076 3574 1092 3613 o
1105 3560 1165 3613 crba
1175 3577 1285 3614 amana
1301 3556 1404 3615 seminia

224 3672 226 3678 ·
253 3650 365 3728 sorqrto,
383 3648 550 3703 niiiltomen
568 3654 649 3704 anteo
666 3650 782 3705 delatam
799 3652 854 3705 nisi
876 3651 983 3721 quode
1006 3654 1087 3706 etiem
1108 3654 1240 3723 prioritas
1261 3654 1347 3724 sarissa
1367 3647 1405 3704 sed

256 3743 400 3796 monuisse
416 3743 533 3801 uidetur)
553 3744 584 3807 F,
603 3743 666 3797 orde
685 3744 742 3807 troi
756 3760 853 3797 manas
870 3746 1004 3799 recentior
1021 3746 1118 3815 affixit
1133 3762 1192 3809 um,
1217 3753 1361 3802 comeatum
1375 3756 1404 3796 rr·

251 3842 296 3899 ro)
323 3836 355 3887 ut
377 3832 405 3889 id
430 3824 562 3889 minutati
586 3836 609 3888 e
634 3838 713 3896 tiator
736 3842 797 3890 oet
822 3835 873 3890 rut
887 3839 1019 3907 primitas
1034 3839 1092 3908 suit
1119 3838 1219 3893 meana
1249 3841 1330 3893 trium
1354 3838 1403 3907 fere

250 3926 411 3993 litterarum)
430 3948 450 3996 φ
468 3928 506 3983 mi
523 3930 630 4000 scripsi,
648 3930 809 3983 minutatum
827 3929 912 3996 Hild,
931 3931 1009 3999 temp.
1028 3932 1061 3985 et.
1080 3931 1180 3997 deleas)
1251 3934 1351 3987 diutina
1368 3944 1402 3983 co·

251 4020 400 4088 quitatione
412 4020 634 4091 Orrdcndorpius:
652 4023 747 4076 dutma
764 4028 928 4092 cogitatione
946 4024 978 4090 F,
997 4024 1099 4079 drutma
1118 4031 1281 4094 cogitatione
1298 4047 1316 4095 φ
1391 4022 1401 4072 8

253 4112 356 4167 etierim
374 4114 495 4181 rimattus
512 4114 543 4177 F,
563 4114 616 4168 etse
636 4116 639 4183 l
659 4117 802 4184 rrmaa992
888 4118 972 4185 panes
987 4117 1024 4175 F.
1044 4120 1156 4187 pantio
1246 4124 1276 4173 12
1294 4136 1321 4173 m
1336 4119 1402 4171 lemu-

249 4231 293 4283 rct
315 4230 318 4298 Ι
338 4229 476 4285 reformati
492 4232 605 4287 inducto
623 4235 650 4287 ia
668 4234 696 4287 F
778 4233 804 4287 ie
822 4251 873 4288 om.
892 4236 929 4312 F‘
1024 4242 1054 4291 14
1072 4200 1127 4307 {dt
1144 4239 1172 4293 F
1254 4243 1285 4291 22
1303 4237 1353 4290 filio
1368 4233 1401 4301 Fe

251 4325 283 4375 23
301 4323 438 4391 relrgrcnrl
452 4324 495 4393 For
