2934 4900
243 223 283 287 88
763 229 855 278 nrum
877 232 900 278 v

247 393 394 460 sermone
417 387 478 452 isto
500 384 660 449 tantillum
683 389 807 448 morata
835 403 960 449 rursum
983 383 1127 468 opiparis
1148 382 1337 448 muneribus
1358 401 1406 447 eas

245 505 382 564 onustas
405 503 537 561 uentoso
560 494 708 560 uehiculo
730 492 879 559 reddidit.

144 591 221 672 XVI
330 605 397 672 Sed
410 605 485 670 dum
499 604 641 689 Zephyri
654 605 829 688 tranquillo
847 604 962 689 spiritu
977 605 1169 670 sublimatae
1183 603 1314 668 domum
1327 603 1405 667 rede·

245 725 311 800 unt,
321 718 367 784 sic
376 733 484 783 secum
496 716 690 781 altercantes
702 707 802 799 ‘quid
817 733 915 795 soror,
930 713 1067 780 dicimus
1080 713 1121 778 de
1134 721 1198 778 tam
1211 721 1404 780 monstruoso
1443 720 1444 735 ¹

244 828 352 892 fatuae
368 824 455 891 illius
469 824 661 890 mendacio?
683 831 761 890 tunc
782 825 974 891 adulescens
995 820 1091 889 modo
1111 824 1239 890 florenti
1261 825 1404 906 lanugine
1426 837 1435 883 ι

245 937 378 1002 barbam
393 937 565 1018 instruens,
579 953 665 1000 nunc
680 935 898 1000 aetatemedia
910 935 1061 1002 candenti
1068 936 1187 1021 canitIe
1193 934 1329 1000 lucidus.
1343 934 1403 1016 quis
1415 936 1441 1003 p·

134 1076 137 1086 ·
243 1037 299 1112 ille
315 1066 408 1130 quem
422 1046 577 1130 temporis
591 1045 709 1111 modici
725 1048 869 1130 spatium
879 1046 1049 1129 repentina
1060 1052 1191 1112 senecta
1204 1044 1402 1110 reformauit?
1444 1074 1445 1101 ι

244 1158 290 1222 nil
298 1155 386 1220 aliud
392 1157 566 1240 repperies,
581 1156 732 1235 miserm,
746 1155 1116 1239 quamuclmendacium
1129 1155 1224 1221 istam
1238 1154 1403 1239 pessimam

243 1268 394 1332 taurinam
407 1264 590 1350 contingere
604 1267 657 1332 uel
672 1265 807 1330 lormam
821 1266 928 1330 mariti
943 1267 992 1332 sui
1002 1267 1137 1332 nescire.
1160 1285 1296 1349 quorum
1310 1271 1402 1329 utrum

158 1463 162 1470 ι
243 1383 421 1458 uerumest,
435 1375 550 1461 opibus
556 1375 630 1442 istis
637 1395 733 1459 quam
747 1375 1199 1460 primumexterminandaest.
1223 1375 1310 1459 quod
1317 1378 1344 1441 si
1351 1375 1401 1439 uiri
1415 1377 1434 1425 lt

244 1487 293 1553 sui
314 1487 430 1552 faelem
452 1486 594 1570 ignorat,
617 1485 677 1551 deo
700 1486 842 1569 profecto
864 1485 1017 1570 denupsit
1037 1494 1070 1552 et
1090 1486 1185 1551 deum
1205 1487 1302 1553 nobis
1322 1505 1402 1570 prae·

242 1598 396 1682 gratiore
418 1597 484 1663 Ista
497 1596 590 1680 gerit.
614 1603 699 1662 certe
722 1597 751 1662 si
767 1595 869 1661 diuini
892 1597 992 1681 puelli
1014 1597 1155 1681 -quod
1177 1597 1262 1663 absit
1278 1597 1400 1661 -baec

242 1713 345 1772 mater
367 1705 514 1788 audierit,
550 1707 657 1773 statim
680 1726 731 1773 me
753 1707 870 1791 laqueo
892 1706 992 1772 nexili
1016 1707 1221 1790 suspendam.
1260 1726 1336 1790 ergo
1361 1708 1400 1770 in·

243 1817 338 1882 terim
360 1816 404 1882 ad
423 1823 576 1901 parentes
598 1825 725 1884 nostros
740 1816 966 1884 redeamust
935 1824 966 1881 et
987 1816 1119 1882 exordio
1135 1819 1293 1884 sermonis
1316 1817 1398 1881 huius

242 1947 338 2010 quam
360 1927 543 1992 concolores
565 1927 711 1994 fallacias
734 1926 791 1992 adt
778 1919 943 1994 texamus'
1414 1929 1447 1978 ¹5

126 2041 220 2106 XVII
326 2037 380 2103 Sic
391 2036 608 2103 inflammatae
616 2039 804 2122 perenibus
814 2037 1338 2122 fastidienterappcllabsenocte
1345 2044 1400 2100 tur

243 2148 328 2214 batis
345 2147 476 2230 uigiliis,
492 2146 638 2231 perditae
653 2147 809 2212 matutino
825 2149 990 2233 scopulum
1004 2148 1176 2233 peruolant
1190 2146 1222 2212 e't
1236 2147 1312 2212 inde
1323 2147 1399 2212 soliti

242 2258 332 2324 uenti
354 2257 517 2341 praesidio
531 2259 685 2324 uehentes
696 2259 849 2324 deuolant
857 2259 1064 2342 lacrimisque
1078 2279 1231 2344 pressura
1243 2259 1399 2343 palpebra·

242 2368 440 2434 rumcoactis
451 2367 511 2432 lroc
519 2376 591 2434 astu
602 2370 743 2454 puellam
756 2363 975 2454 appellant‘tu
982 2368 1110 2454 quidem
1121 2370 1199 2434 felix
1208 2371 1319 2455 etipsa
1329 2368 1399 2432 tanti

244 2479 320 2543 mali
332 2480 516 2562 ignorantia
526 2480 622 2545 beata
634 2479 728 2546 sedes
740 2480 904 2546 incuriosa
913 2480 1047 2565 periculi
1058 2480 1115 2562 tui,
1126 2500 1188 2547 nos
1197 2494 1314 2561 autem,
1327 2497 1398 2561 quac
1410 2484 1432 2532 'll

242 2589 393 2674 peruigili
416 2606 492 2654 cura
513 2591 643 2656 rebusl
630 2590 694 2656 luis
717 2590 923 2672 excubamus,
947 2589 1094 2656 cladibus
1116 2591 1181 2657 tuis
1203 2592 1318 2657 misere
1339 2610 1397 2653 cru

242 2700 372 2765 ciamus.
410 2720 468 2785 pro
490 2719 567 2765 nero
589 2720 729 2784 namque
751 2701 964 2786 comperimus
986 2719 1046 2766 nec
1073 2708 1120 2782 te,
1154 2709 1261 2767 sociae
1288 2701 1398 2766 scilicet

242 2809 361 2875 doloris
384 2830 542 2893 casusque
555 2811 612 2893 tui,
635 2812 741 2875 celare
762 2830 934 2895 possumus
956 2810 1127 2876 immanem
1146 2812 1308 2877 colubrum
1328 2809 1449 2874 mul-

240 2921 360 2986 tinodis
382 2921 599 2986 uolumluibus
622 2928 814 3005 serpentem,
838 2940 961 2986 ueneno
989 2922 1086 2987 noxio
1108 2922 1193 2987 colla
1214 2924 1396 3005 sanguinan-

239 3038 304 3097 tem
341 3032 548 3115 hiantemque
583 3032 727 3114 ingluuie
763 3030 923 3115 profunda
958 3039 1061 3097 tecum
1089 3033 1239 3098 noctibus
1275 3035 1396 3097 latenter
1408 3039 1430 3087 ‘25

241 3140 457 3222 adquiescere,
486 3160 572 3207 nunc
606 3141 776 3207 recordare
809 3142 905 3208 sortis
936 3141 1093 3226 Pythicae
1128 3162 1211 3225 quae
1248 3150 1280 3207 te
1309 3142 1394 3207 trucis

240 3252 364 3317 bestiae
386 3252 508 3334 nuptiis
530 3251 725 3317 destinatam
747 3270 820 3318 esse
835 3251 996 3317 clamauit.
1019 3260 1051 3317 et
1065 3254 1155 3317 multi
1169 3254 1275 3318 coloni
1291 3253 1394 3337 quique

241 3362 453 3427 circumsecus
475 3368 633 3427 uenantcr
656 3369 688 3427 et
709 3363 838 3428 accolae
861 3363 990 3446 plurimi
1012 3362 1161 3428 uiderunt
1175 3383 1248 3429 eum
1271 3372 1394 3447 uespera

109 3476 221 3543 XVIII
244 3470 431 3537 redeuntem
454 3478 585 3554 epastu
611 3472 813 3556 proximique
833 3471 976 3539 fluminis
997 3472 1091 3540 uadis
1114 3474 1323 3539 innatantem.
1343 3489 1393 3537 nec

308 3684 441 3751 3zephrr1
460 3682 489 3735 F
558 3681 786 3737 cadolelcean
863 3681 997 3736 Smdacro
1016 3682 1059 3751 Fp
1147 3687 1177 3735 10
1197 3683 1200 3750 Ι
1222 3682 1269 3751 apd
1286 3683 1317 3748 F,
1334 3680 1394 3750 quod

240 3798 259 3846 φ
332 3782 360 3831 13
380 3810 389 3826 ι
407 3776 502 3830 adierit
520 3776 559 3841 (ic
571 3790 627 3829 rus.
646 3775 701 3829 uid.
718 3776 807 3845 fuisse
824 3791 841 3829 a
858 3776 989 3829 etder'odc
1007 3790 1023 3829 a
1040 3775 1135 3829 ataid.
1146 3783 1315 3831 correctness
1331 3785 1357 3839 ut
1368 3775 1393 3836 F,

239 3870 390 3939 audrerrtp
480 3868 765 3932 lucubratoriam
783 3886 869 3941 marg.
887 3868 1016 3933 beolorell
1043 3868 1081 3933 F,
1105 3869 1262 3938 ocolorel'p
1319 3866 1393 3921 'falla-

240 3960 282 4019 cib
300 3964 336 4031 (b.
356 3981 378 4018 e.
403 3964 546 4017 fallaciam)
564 3961 601 4025 F,
627 3961 784 4031 fallucralp
878 3966 908 4016 18
931 3963 1060 4016 uehentes
1082 3963 1199 4033 scrr'psr':
1225 3963 1338 4016 umens
1358 3960 1394 4027 Fp

238 4060 318 4126 plura
336 4058 364 4111 F
444 4060 475 4109 25
494 4055 610 4127 mglnbre
635 4056 663 4121 (b
682 4072 755 4111 corr.
782 4057 810 4109 irs
833 4072 852 4109 u
877 4072 974 4109 manas
996 4055 1125 4120 securuda)
1150 4055 1178 4108 F
1246 4052 1394 4165 pfun‘ddff’

238 4176 340 4245 pfunde
358 4197 377 4243 φ
462 4178 496 4229 26
514 4174 633 4243 teltrncrl
648 4176 687 4229 εἰσ
704 4175 760 4228 nisi
775 4173 850 4244 quod
864 4174 986 4243 fortusse
1003 4179 1015 4227 t
1031 4190 1102 4229 corr.
1120 4189 1158 4227 ex
1175 4178 1204 4241 pl
1223 4174 1255 4236 F,
1272 4183 1299 4228 te
1315 4172 1395 4243 prout

239 4289 259 4337 φ
277 4270 336 4334 (scd
353 4269 424 4322 licea
441 4268 490 4321 sub
507 4285 525 4336 p
544 4267 787 4322 delenduclr'ttcrue
800 4268 993 4337 cuusopositu)
1061 4270 1096 4321 29
1112 4268 1191 4335 paltu
1208 4297 1218 4318 ι
1237 4269 1303 4330 (uid.
1317 4267 1395 4337 fuisse

241 4362 310 4425 OF,
329 4360 444 4428 pattup
