2934 4900
634 217 707 265 ona.
730 220 841 267 1-1111
1277 203 1315 265 19

142 364 283 431 eandem
312 367 466 432 nutricem
496 368 590 434 simul
616 370 757 438 bibimus
780 378 812 437 et
833 372 866 436 in
889 391 974 437 nexu
1001 371 1224 454 germanitatis
1251 392 1316 436 una

142 477 334 542 coaluimus.
371 498 430 542 nec
459 479 548 544 aliud
577 501 635 547 nos
664 502 760 566 quam
788 482 930 565 dignitas
959 482 1114 548 discernit
1145 481 1231 566 quod
1258 482 1317 546 illa

140 587 361 671 clarissimas,
396 607 456 672 ego
489 590 633 674 priuatas
666 593 798 676 nuptias
831 593 1009 660 fecerimus.
1047 613 1107 676 ego
1136 614 1207 659 sum
1235 593 1316 676 Byr-

98 759 100 764 .
139 696 269 761 rhaena
282 681 356 773 illa,
391 700 481 765 cuius
504 699 586 766 forte
609 703 772 786 saepicule
785 723 903 769 nomen
924 704 1007 769 inter
1028 710 1102 770 tuos
1125 702 1315 768 educatores

97 806 378 890 5frequentatum
407 810 538 876 retines.
575 811 692 876 accede
725 813 834 896 itaque
864 813 1039 898 hospitium
1061 813 1189 895 fiducia,
1217 813 1315 878 immo

139 937 221 982 uero
243 918 307 984 iam
330 925 418 984 tuum
442 921 606 1004 proprium
628 917 770 987 Larem'

228 1028 280 1093 Ad
308 1029 388 1094 haec
417 1049 477 1113 ego
505 1030 570 1096 iam
604 1033 762 1099 sermonis
795 1033 898 1119 ipsius
925 1052 1016 1100 mora
1043 1035 1160 1099 rubore
1188 1033 1315 1117 digesto

134 1130 408 1222 ‘absit'inquam
429 1132 576 1224 tparens,
599 1149 634 1206 ut
654 1143 806 1208 Milonem
821 1144 979 1228 hospitem
1003 1144 1073 1210 sine
1094 1145 1162 1208 ulla
1183 1144 1315 1228 querela

137 1247 290 1315 deseram
319 1249 377 1316 sed
405 1251 502 1335 plane
531 1251 615 1335 quod
645 1253 759 1320 officiis
788 1255 923 1337 integris
951 1261 1058 1338 potest
1090 1254 1173 1320 effici
1195 1253 1314 1318 curabo

72 1363 112 1412 ¹0
136 1359 265 1425 sedulo.
303 1361 451 1444 quotiens
473 1360 597 1428 itineris
612 1362 708 1430 huius
730 1364 814 1429 ratio
836 1371 985 1430 nascetur
1007 1383 1182 1446 numquam
1203 1365 1264 1428 erit
1278 1370 1313 1428 ut

136 1489 208 1534 non
230 1469 317 1554 apud
340 1477 371 1535 te
394 1464 568 1537 deue1·tar.'

226 1581 311 1646 Dum
338 1580 424 1646 hunc
453 1589 484 1647 et
512 1582 607 1648 huius
636 1584 723 1649 modi
752 1603 931 1651 sermonem
959 1586 1166 1665 altercamur,
1199 1584 1313 1669 paucis

134 1689 315 1754 admodum
330 1691 482 1758 confectis
497 1692 649 1777 passibus
671 1693 713 1759 ad
729 1693 858 1759 domum
872 1695 1081 1780 Byrrhaenae
1096 1695 1312 1780 pernenimus.

12 1803 108 1864 [116]
226 1800 319 1865 Atria
345 1802 441 1885 longe
470 1802 685 1888 pulcherrima
712 1785 869 1872 columnis
898 1804 1130 1888 quadrifariam
1158 1824 1215 1890 per
1246 1804 1311 1870 sin·
1334 1797 1398 1861 ΠΠ

66 1923 107 1970 15
134 1911 235 1994 gulos
263 1912 399 1995 angulos
429 1913 589 1979 stantibus
623 1913 849 1980 adtolerabant
878 1921 1002 1982 statuas
1037 1915 1192 2000 palmaris
1220 1913 1312 1979 deae.
1387 1901 1391 1908 ’

134 2021 243 2087 facies
264 2028 413 2103 quattuor
435 2023 544 2107 pinnis
567 2025 726 2109 explicitis
749 2025 898 2109 ingressu
921 2025 1008 2111 pilae
1037 2024 1189 2090 uolubilis
1210 2024 1312 2090 insta·

134 2131 207 2196 bile
235 2132 407 2216 uestigium
435 2133 556 2218 plantis
589 2135 724 2202 roscidis
755 2134 931 2202 decitantes
953 2155 1014 2202 nec
1035 2141 1070 2200 ut
1090 2139 1243 2200 maneant
1264 2134 1311 2197 in-

132 2243 277 2308 haerent
299 2250 330 2308 et
351 2242 417 2307 iam
439 2244 549 2308 uolare
564 2244 746 2310 creduntur.
784 2265 858 2310 ecce
881 2246 966 2331 lapis
981 2245 1097 2311 Parius
1119 2245 1153 2309 in
1168 2244 1308 2308 Dianam

134 2354 244 2418 factus
266 2359 354 2418 tenet
381 2353 528 2418 libratam
558 2355 655 2420 totius
684 2355 746 2419 loci
775 2356 990 2421 medietatem.
1024 2355 1151 2439 signum
1173 2353 1312 2438 perfecte

60 2481 105 2532 20
132 2466 352 2547 luculentum,
382 2472 473 2530 ueste
501 2464 662 2548 rellatum,
696 2486 851 2551 procursu
879 2473 1045 2551 uegetum,
1075 2464 1312 2531 introeuntibus

133 2573 271 2638 obuium
294 2579 325 2639 et
346 2575 516 2640 maiestate
538 2576 679 2642 numinis
702 2577 900 2643 uenerabile.
937 2565 1035 2643 canes
1057 2576 1310 2672 utrimquesecus

133 2684 222 2749 deae
244 2684 347 2749 latera
379 2684 541 2767 muniunt,
572 2686 626 2767 qui
649 2669 747 2753 canes
769 2694 801 2752 et
822 2688 886 2773 ipsi
908 2688 993 2772 lapis
1016 2692 1117 2751 erant.
1154 2686 1205 2752 his
1228 2687 1312 2751 oculi

131 2794 311 2873 minantur,
335 2795 421 2860 amis
437 2796 551 2878 rigent,
573 2815 669 2861 nares
692 2796 793 2880 hiant,
816 2818 873 2862 ora
895 2798 1046 2864 saeuiunt
1067 2804 1098 2861 et
1120 2795 1254 2863 sicunde
1270 2796 1311 2862 de

132 2904 286 2989 proximo
314 2905 450 2972 latratus
478 2898 650 2988 ingruerit,
682 2926 756 2971 eum
786 2906 917 2992 putabis
945 2906 987 2973 de
1015 2906 1161 2972 faucibus
1188 2905 1309 2990 lapidis

58 3038 102 3087 ‘25
131 3014 238 3096 exire,
262 3021 292 3079 et
314 3015 347 3079 in
370 3035 432 3099 quo
449 3036 607 3081 summum
630 3016 794 3099 specimen
810 3036 927 3101 operae
949 3017 1075 3082 fabrilis
1090 3016 1240 3099 egregius
1255 3016 1310 3082 ille

131 3104 281 3208 signifex
302 3124 459 3208 prodidit,
486 3125 627 3191 sublatis
650 3126 785 3193 canibus
807 3127 841 3191 in
863 3133 975 3211 pectus
998 3126 1109 3193 arduis
1131 3126 1232 3212 pedes
1253 3126 1310 3190 imi

129 3234 308 3315 resistunt,
340 3242 470 3300 currunt
491 3235 624 3321 priores.
662 3257 747 3321 pone
769 3244 894 3321 tergum
922 3237 1004 3303 deae
1026 3257 1141 3303 saxum
1169 3236 1309 3322 insurgit

126 3348 168 3411 in
195 3346 368 3428 speluncae
396 3344 525 3410 modum
554 3347 673 3413 muscis
701 3356 733 3413 et
760 3347 869 3413 herbis
898 3352 930 3412 et
951 3347 1037 3412 foliis
1068 3353 1100 3413 et
1121 3346 1257 3431 uirgulis
1279 3354 1312 3412 et

129 3454 242 3521 sicubi
258 3454 421 3540 pampinis
437 3462 468 3520 et
490 3455 669 3523 arbusculis
693 3458 772 3523 alibi
788 3458 829 3524 de
843 3456 952 3543 lapide
967 3457 1163 3523 florentibus.
1202 3460 1311 3544 splen·

136 3594 436 3610 ffl—

206 3680 353 3749 3byrrena
370 3681 395 3732 F
488 3678 692 3751 lfrequentath
709 3682 870 3737 educatores
895 3687 923 3736 F
1015 3679 1169 3752 5hofprcrh
1187 3685 1211 3733 F
1280 3689 1311 3737 fo

124 3774 243 3845 quotref
265 3779 290 3835 te
313 3774 438 3828 lincolam
462 3774 524 3828 add.
550 3792 620 3829 man.
643 3777 787 3832 recentiort
811 3779 842 3840 F,
861 3777 1019 3847 quatrenfp
1107 3782 1138 3830 13
1156 3777 1269 3847 byrrene
1286 3779 1312 3829 F

126 3875 162 3923 15
186 3866 374 3920 actolerabant
390 3884 460 3922 corr.
479 3868 580 3922 ataid.
599 3884 636 3923 esc
654 3869 843 3923 adtolerabant
860 3871 888 3923 ia
905 3871 931 3921 F
1001 3868 1035 3924 ’16
1054 3875 1182 3939 quattuor
1198 3871 1313 3941 serpsi:

122 3978 186 4032 que
206 3961 239 4024 F,
257 3964 273 4030 q
290 3980 319 4029 φ,
337 3972 444 4028 quaqua
470 3961 525 4021 (acl
540 3960 637 4015 faciem
661 3967 740 4029 quae)
766 3960 988 4033 Oorlcndorpias,
1011 3968 1127 4032 utraque
1152 3963 1309 4017 Hildebraa·

120 4057 196 4111 dius
248 4052 362 4120 ingressu
372 4052 600 4109 Hildebrandt'cs:
618 4054 671 4107 fme
691 4058 694 4121 l
711 4056 800 4122 greffu
819 4062 890 4114 tante
909 4055 1060 4125 fdelctaql
1079 4058 1111 4121 F,
1131 4058 1168 4113 fri]
1182 4057 1271 4124 greffu
1290 4076 1312 4124 φ

124 4152 160 4203 17
184 4145 335 4199 dehbantef
350 4148 463 4200 rorefecit
484 4146 591 4202 tbluics
681 4152 711 4201 21
733 4149 806 4201 canrf
822 4149 876 4218 Ἐφ’
966 4153 998 4201 22
1017 4150 1045 4202 hr
1064 4180 1073 4199 .
1092 4150 1311 4220 (suitftF‚h11‚

116 4266 195 4323 add.
216 4266 244 4317 ia
262 4226 474 4337 rnorqc.⁰h1fc
560 4268 591 4318 25
610 4280 693 4335 opera
711 4268 741 4331 F,
759 4280 810 4336 ope
827 4270 852 4328 te
869 4283 941 4322 corr.
967 4284 1005 4322 ex
1026 4275 1091 4337 alp
1178 4271 1210 4323 26
1229 4268 1306 4335 figni-

114 4362 172 4419 fex
198 4355 423 4428 Oudenrlorpr'as:
443 4357 549 4427 frgnrfer
567 4359 609 4428 Fp
695 4363 727 4412 28
745 4360 837 4412 mufnf
853 4360 897 4428 Fp

1037 4446 1105 4498 .2*
