2934 4900
489 249 564 297 cnr:
584 244 822 295 numu-xxxi
1199 232 1258 293 201

88 400 234 467 consitus
249 401 378 468 uirectis
392 407 425 467 et
441 400 527 467 uiuis
542 400 721 482 arboribus,
738 420 861 467 summo
877 401 1041 465 cacumine
1057 399 1099 465 de
1113 402 1262 467 manibus

88 511 176 576 fabri
197 511 286 576 fonte
306 518 474 594 manante,
504 511 646 577 fluuialis
682 530 784 595 aquas
815 510 971 595 eliquans.
1016 511 1160 595 capellae
1182 531 1261 599 pau·

70 615 185 687 xculae
207 621 386 687 tondebant
406 621 559 689 herbulas
574 630 607 688 et
627 623 662 687 in
677 620 808 687 modum
823 621 951 687 Paridis
966 621 1100 705 Phrygii
1122 622 1261 705 pastoris

88 730 270 797 barbaricis
291 732 438 799 amiculis
452 733 573 799 umeris
589 730 804 797 defluentibus
826 730 960 815 pulchre
981 731 1163 798 indusiatus
1186 732 1262 797 adu·
1356 763 1361 777 ·

56 841 218 907 alescens
239 861 340 907 aurea
368 842 452 908 tiara
473 848 617 908 contecto
645 842 753 925 capite
780 818 966 926 peccarium
995 842 1169 909 simulabat
1196 862 1261 907 ma-

88 950 268 1035 gisterium.
312 952 408 1020 adest
439 954 621 1019 luculentus
656 972 739 1035 puer
767 952 873 1018 nudus
895 953 958 1017 nisi
988 951 1074 1034 quod
1102 952 1260 1037 ephebica

88 1063 265 1147 chlamyde
287 1062 451 1129 sinistrum
474 1063 604 1148 tegebat
625 1083 780 1145 umerum,
803 1061 898 1129 flauis
913 1062 1056 1128 crinibus
1079 1082 1261 1147 usquequa·

90 1192 154 1257 que
175 1174 369 1258 conspicuus
391 1181 423 1239 et
443 1174 527 1240 inter
540 1193 649 1240 comas
672 1174 743 1240 eius
759 1192 877 1239 aureae
890 1173 1053 1257 pinnulae
1067 1174 1260 1256 cognatione

89 1283 191 1349 simili
221 1284 362 1351 sociatae
390 1285 616 1368 prominebant
644 1304 739 1368 quem
768 1283 943 1349 caduceum
966 1289 998 1348 et
1019 1283 1147 1366 uirgula
1174 1284 1260 1349 Mer-

40 1411 71 1457 tc
90 1394 215 1459 curium
236 1394 433 1460 indicabant.
462 1395 491 1462 is
513 1395 680 1461 saltatorie
701 1414 895 1479 procurrens
917 1395 1100 1477 malumque
1122 1393 1260 1460 bracteis

90 1497 275 1569 inauratum
308 1505 423 1571 dextra
444 1525 580 1589 gerens,
610 1506 665 1589 qui
687 1507 780 1571 Paris
803 1506 973 1571 uidebatur
995 1504 1146 1589 porrigit,
1181 1504 1260 1587 quid

91 1614 262 1702 mandaret
282 1615 427 1699 Iuppiter
455 1623 533 1681 nutu
556 1616 744 1700 significans
767 1622 799 1681 et
820 1616 967 1700 protinus
989 1614 1125 1698 gradum
1148 1614 1261 1681 scitule

91 1724 235 1791 referens
257 1744 276 1791 e
298 1733 472 1811 conspectu
494 1727 635 1793 facessit.
678 1727 859 1811 insequitur
881 1727 990 1811 puella
1012 1727 1101 1790 uultu
1124 1725 1261 1790 honesta

92 1835 125 1898 in
147 1834 232 1908 deae
252 1836 388 1902 lunonis
410 1836 549 1921 speciem
572 1838 704 1905 similis:
726 1857 803 1903 nam
826 1843 858 1902 et
879 1843 975 1921 caput
991 1818 1171 1918 stringebat
1193 1834 1260 1900 dia-

38 1951 72 1999 15
92 1943 188 2010 doma
209 1944 359 2026 candida,
381 1947 506 2013 ferebat
526 1954 559 2014 et
581 1955 752 2032 sceptrum.
781 1948 901 2033 inrupit
923 1948 989 2012 alia
1011 1966 1106 2030 quam
1129 1952 1260 2030 putares

1 2062 72 2133 [254]
91 2056 280 2137 Mineruam,
313 2064 409 2142 caput
429 2064 576 2123 contecta
603 2059 738 2143 fulgenti
766 2059 862 2142 galea
891 2064 922 2122 et
949 2058 1120 2140 oleaginea
1142 2076 1261 2121 corona

91 2166 261 2250 tegebatur
281 2167 355 2252 ipsa
376 2170 481 2252 galea,
504 2170 651 2253 clypeum
674 2171 826 2235 attollens
848 2175 880 2235 et
901 2169 1029 2235 hastam
1056 2168 1205 2250 quatiens
1230 2174 1261 2231 ct

91 2277 197 2360 qualis
225 2277 282 2342 illa
314 2297 385 2342 cum
418 2287 550 2364 pugnat.
595 2301 693 2365 super
729 2281 790 2347 has
824 2279 1008 2346 introcessit
1035 2279 1101 2344 alia
1123 2278 1258 2345 uisendo
1280 2271 1396 2375 XXXI

91 2386 207 2455 decore
226 2390 442 2475 praepollens,
464 2390 570 2474 gratia
591 2391 707 2458 coloris
730 2390 890 2458 ambrosei
914 2390 1090 2474 designans
1100 2390 1260 2456 Venerem

37 2500 71 2551 ²⁰
92 2499 198 2580 qualis
219 2499 279 2564 fuit
298 2499 410 2568 Venus
433 2521 505 2566 cum
527 2503 586 2568 luit
607 2503 709 2585 uirgo,
727 2503 815 2568 nudo
839 2510 870 2568 ct
891 2505 1010 2569 intecto
1033 2521 1165 2587 corpore
1188 2523 1258 2588 per-

90 2609 206 2675 fectam
228 2610 481 2678 formonsitatem
504 2614 651 2698 professa
665 2615 730 2679 nisi
746 2615 831 2698 quod
846 2615 934 2679 tenui
950 2615 1050 2699 pallio
1065 2615 1258 2699 bombycino

89 2719 295 2785 inumbrabat
317 2722 526 2806 spectabilem
548 2725 676 2806 pubem.
714 2744 810 2806 quam
834 2725 962 2809 quidem
983 2728 1135 2794 laciniam
1158 2733 1259 2797 curio-

90 2831 181 2896 sulus
203 2838 320 2896 uentus
343 2833 423 2898 satis
446 2840 590 2899 amanter
611 2854 696 2899 nune
724 2836 899 2903 lasciuiens
922 2836 1057 2904 reflabat
1078 2847 1114 2904 ut
1135 2840 1258 2907 dimota

89 2947 214 3024 pateret
234 2940 294 3008 flos
316 2944 496 3025 aetatulae,
530 2964 616 3009 nunc
637 2945 806 3032 luxurians
830 2947 996 3031 aspirabat
1018 2956 1052 3014 ut
1073 2949 1255 3018 adhaerens

34 3057 66 3107 25
89 3053 237 3134 pressule
251 3053 465 3118 membrorum
481 3054 678 3138 uoluptatem
693 3055 849 3140 graphice
863 3056 1033 3124 liciniaret.
1063 3061 1135 3144 ipse
1150 3069 1257 3126 autem
1335 3041 1339 3050 ¹

89 3161 176 3225 color
197 3161 279 3228 deae
300 3163 449 3230 diuersus
471 3165 506 3229 in
534 3166 689 3249 speciem,
718 3186 834 3251 corpus
864 3167 1035 3234 candidum
1058 3170 1144 3254 quod
1166 3173 1256 3236 caelo

88 3270 231 3353 demeat,
264 3273 400 3340 amictus
433 3277 580 3342 caerulus
613 3275 700 3359 quod
732 3279 814 3342 mari
842 3285 971 3345 remeat.
1016 3279 1081 3344 iam
1110 3281 1254 3365 singulas

87 3381 232 3464 uirgines
255 3403 338 3467 quae
361 3385 442 3450 deae
463 3387 661 3468 putabantur
683 3434 815 3452 ......
838 3389 987 3469 comites,
1010 3389 1165 3456 Iunonem
1189 3395 1258 3476 qui-

85 3493 162 3558 dem
186 3492 301 3559 Castor
322 3500 353 3558 et
374 3495 498 3577 Pollux,
522 3515 654 3578 quorum
671 3497 777 3580 capita
791 3498 936 3565 cassides
952 3505 1068 3566 ouatae
1091 3503 1256 3568 stellarum

158 3691 169 3738 l
190 3687 308 3740 coalitus
328 3689 426 3740 lummo
445 3688 591 3753 cacumine,
610 3688 643 3742 de
661 3690 801 3744 canalibus
813 3690 881 3744 labri
898 3690 974 3745 fonte
990 3700 1118 3748 manante
1136 3700 1163 3748 et
1179 3695 1257 3750 fluui-

83 3780 142 3834 ales
160 3794 245 3848 aquas
262 3780 384 3848 eliquans
402 3780 654 3837 coniecitHeiasias
721 3786 737 3836 3
755 3783 826 3852 bugu
843 3785 871 3837 F
915 3785 1155 3895 Phrygiilpattoris
1172 3791 1257 3843 scelu-

82 3901 123 3953 sr't
140 3895 303 3964 Scriverius,
319 3897 425 3952 Paridis
445 3897 654 3972 Oudendorpiuc
738 3907 754 3954 4
773 3901 918 3969 defuent1b;
936 3905 967 3971 F,
985 3904 1133 3973 deluent1b3
1152 3926 1171 3974 φ
1241 3912 1256 3960 6

84 3991 282 4062 ephoebrcaF
371 3992 576 4047 sumammuh
663 3998 738 4066 8e3·
755 3996 792 4061 F,
816 4012 882 4074 epp
977 4002 1006 4051 17
1038 3994 1138 4054 attan
1220 3979 1256 4054 '18

84 4086 104 4140 S
125 4085 154 4138 ia
172 4083 228 4154 Sup
245 4087 274 4139 ia
298 4101 353 4140 rac,
377 4102 395 4139 a
416 4101 499 4140 mauu
523 4101 575 4141 sec.
599 4089 629 4141 irc
646 4087 683 4153 F,
709 4083 793 4160 supp
887 4094 916 4145 21
938 4091 1088 4146 bombrcrno
1114 4095 1138 4144 F
1224 4098 1255 4146 22

84 4166 169 4249 pube·
187 4178 251 4241 (uid.
269 4180 357 4249 fecsse
374 4179 393 4239 b
413 4181 444 4243 F,
462 4161 570 4248 pubcp
662 4186 694 4234 25
712 4181 812 4251 gratioe
828 4183 854 4235 F
936 4189 967 4238 22
988 4186 1093 4239 cerulul
1114 4185 1142 4239 F
1225 4193 1256 4242 22

83 4276 150 4328 uate
176 4272 286 4326 ccmrtcl
306 4273 368 4327 add.
394 4273 432 4326 lui
455 4273 567 4329 obibant
590 4274 721 4330 editiones
746 4281 851 4330 ueteres
944 4282 976 4331 29
995 4282 1074 4346 qualt
1098 4286 1186 4350 capite
1211 4282 1256 4351 no

84 4371 184 4422 ouatae
202 4365 368 4420 Salmasius:
387 4367 467 4437 chata
487 4369 515 4433 F,
534 4369 651 4438 obatep
