2934 4900
382 285 385 293 ,
458 233 530 281 eur.
554 232 793 279 xxrr-—nxvnr
1186 217 1226 280 95

60 405 110 450 sus
133 385 315 451 errabundo
338 385 441 470 gradu
463 388 611 471 peruenit
632 385 675 452 ad
697 387 860 450 ciuitatem
883 385 980 450 aliam
1013 385 1046 448 in
1068 405 1133 469 qua
1155 383 1226 468 pari

58 495 149 560 modo
173 516 263 562 soror
285 499 469 561 morabatur
491 497 564 562 alia.
598 516 658 560 nee
681 497 781 562 setius
802 503 835 561 et
857 496 930 580 ipsa
951 496 1080 560 fallacie
1103 514 1226 578 germa-

58 607 166 673 nitatis
188 605 321 673 inducta
335 614 366 673 et
381 608 415 672 in
431 608 549 673 sororis
566 608 740 672 sceleratas
763 608 895 691 nuptias
910 606 1038 670 aemula
1060 605 1226 670 festinauit

58 716 96 779 ad
118 719 285 802 scopulum
307 718 413 802 inque,
427 718 532 784 simile
555 719 665 782 mortis
688 715 819 783 exitium
841 716 965 782 cecidit.

31 827 42 872 5
136 828 270 894 Interim
292 827 368 892 dum
383 828 509 913 Psyche
531 828 725 912 quaesitioni
742 827 911 911 Cupidinis
932 828 1056 892 intenta
1078 827 1213 910 populos
1228 817 1375 884 XXVIII

57 938 249 1020 circumibat,
281 939 388 1004 atille
410 941 542 1003 uulnere
570 939 720 1004 lucernae
751 939 864 1004 dolens
902 938 936 1000 in
969 939 1041 1020 ipso
1078 936 1222 1000 thalamo

57 1051 165 1114 matris
187 1049 298 1114 iacens
320 1049 512 1132 ingemebat.
549 1056 624 1112 tunc
646 1049 718 1112 auis
740 1049 876 1132 peralba
905 1048 963 1111 illa
992 1048 1106 1130 genia,
1141 1065 1223 1129 qnae

58 1177 151 1241 super
171 1159 287 1224 fluctus
309 1161 450 1224 marinos
472 1159 580 1243 pinnis
603 1166 708 1240 natat,
742 1158 899 1241 demergit
921 1177 992 1223 sese
1020 1177 1157 1242 propere
1180 1155 1222 1220 ad

59 1266 173 1334 Oceani
197 1269 388 1352 profundum
411 1270 577 1351 gremium.
601 1269 646 1333 ihi
662 1269 862 1333 commodum
878 1270 1035 1332 Venerem
1057 1269 1222 1331 leuantem

20 1381 43 1430 ¹⁰
59 1387 281 1460 natantemque
317 1386 447 1464 propter
483 1381 641 1444 assistens
677 1379 801 1444 indicat
832 1379 981 1472 adustum
1018 1379 1119 1442 lilium
1152 1378 1222 1443 eius

57 1489 144 1568 graui
167 1489 310 1554 uulneris
334 1489 443 1554 dolore
458 1497 662 1572 maerentem,
687 1489 818 1554 dubium
835 1490 950 1555 salutis
965 1491 1072 1554 iacere
1093 1489 1223 1573 iamque

58 1616 111 1678 per
139 1606 322 1664 cunctorum
351 1620 408 1663 ora
443 1600 632 1683 populorum
666 1600 849 1665 rumoribus
878 1601 1093 1682 conuiciisque
1123 1598 1223 1663 uarhs

58 1726 176 1773 ornnem
199 1711 333 1775 Veneris
356 1709 510 1774 familiam
534 1710 617 1774 male
639 1709 771 1793 audire,
796 1710 881 1794 quod
904 1711 958 1776 ille
981 1709 1111 1793 quidem
1132 1729 1221 1773 mon·

59 1824 128 1882 tanc
151 1825 307 1902 scortatn,
338 1827 372 1885 tu
402 1839 479 1884 uero
507 1821 632 1884 marino
662 1826 774 1884 natatu
798 1821 997 1887 secesseritis
1020 1839 1058 1884 ac
1079 1839 1138 1904 per
1160 1819 1221 1883 hoc

20 1929 42 1977 tt
58 1947 116 1993 ucn
138 1931 288 2013 uoluptas
310 1930 386 2010 ulla,
410 1951 476 1995 non
497 1930 612 2013 gratia,
635 1951 700 1994 non
723 1931 814 2015 lepos
830 1931 889 1997 sed
904 1933 1068 2014 incompta
1082 1938 1114 1994 et
1128 1949 1222 2012 agre·

59 2039 115 2102 stia
136 2048 166 2104 et
188 2039 319 2104 horrida
340 2048 455 2105 cuncta
477 2042 556 2123 sint,
579 2061 644 2106 non
667 2042 800 2125 nuptiae
822 2043 1029 2124 coniugales,
1056 2061 1121 2104 non
1144 2040 1222 2104 ami-

59 2149 147 2214 citiae
169 2151 318 2232 seclales
341 2164 406 2215 non
429 2151 564 2215 liberum
587 2152 739 2217 caritates
763 2152 821 2217 sed
843 2154 983 2217 enormis
999 2151 1164 2216 conluuies
1187 2156 1218 2214 et

59 2261 263 2341 squalentium
285 2261 449 2325 foederum
471 2264 607 2327 insuaue
629 2263 804 2327 fastidium.
839 2263 920 2326 haec
950 2263 1008 2326 illa
1030 2261 1168 2326 uerbosa
1191 2267 1225 2324 et

59 2371 130 2436 satis
159 2372 287 2436 curiosa
315 2361 386 2436 auis
417 2371 450 2434 in
478 2373 610 2438 auribus
633 2374 767 2439 Veneris
796 2373 854 2437 filii
882 2375 1030 2438 lacerans
1059 2371 1221 2437 existima·

20 2480 168 2547 lotionem
196 2482 383 2565 ganniehat.
420 2490 453 2547 at
475 2484 585 2548 Venus
614 2484 699 2555 irata
728 2485 865 2550 solidum
900 2486 1059 2549 exclamat
1088 2488 1223 2566 repente

56 2580 145 2673 ‘ergo
167 2592 231 2655 iam
254 2593 308 2657 ille
331 2593 434 2658 honus
449 2593 534 2659 filius
549 2614 640 2659 meus
655 2595 754 2660 habet
770 2597 905 2662 amicam
921 2598 1089 2683 aliquam?
1112 2623 1225 2684 prome

57 2701 202 2784 agedum,
238 2723 321 2786 quae
352 2704 422 2769 sola
450 2703 529 2767 mihi
559 2706 662 2798 seruis
699 2715 854 2789 amanter,
893 2728 1010 2774 nomeu
1040 2712 1109 2777 eius
1138 2734 1223 2795 quae

57 2828 179 2889 puerum
202 2812 375 2905 ingenuum
404 2821 435 2879 et
463 2814 619 2879 inuestem
654 2816 840 2881 sollicitauit
874 2818 943 2883 siue
971 2820 1029 2884 illa
1059 2821 1099 2885 de
1121 2824 1221 2907 Nym-

57 2918 182 3000 pharum
219 2923 337 3007 populo
375 2944 432 2989 seu
469 2924 509 2989 de
545 2924 704 2988 Horarum
735 2947 869 2991 numero
899 2948 956 2993 seu
985 2929 1025 2995 de
1048 2932 1213 2998 Musarum

20 3032 42 3083 ²5
58 3028 143 3095 choro
165 3035 216 3097 uel
239 3033 279 3097 de
302 3054 444 3098 mearum
467 3033 650 3099 Gratiarum
674 3030 872 3102 ministerio.³

131 3143 197 3207 Nec
219 3144 339 3226 loquax
361 3145 418 3208 illa
439 3144 589 3209 conticuit
612 3145 683 3211 auis
706 3146 765 3211 sed
785 3140 915 3213 ‘nescio'
939 3146 1219 3233 inquit‘dcmina:

57 3256 123 3328 puto
139 3254 287 3336 puellam
315 3244 344 3297 1„
374 3254 402 3319 si
424 3252 527 3338 prohe'
546 3256 694 3339 memini,
718 3258 862 3340 Psyches
884 3250 1012 3325 nomine
1035 3262 1151 3327 dicitur
1173 3301 1215 3309 —·

57 3358 162 3425 efflicte
184 3356 318 3447 cupere?

132 3475 220 3537 Tunc
247 3473 417 3556 indIgnata
440 3474 546 3541 Venus
576 3474 769 3540 exclamauit
801 3479 853 3542 uel
881 3482 1020 3545 maxime
1046 3476 1216 3567 ‘Psychen
1251 3510 1254 3514 ·

59 3638 348 3651 Ἢ..

117 3782 131 3828 ὁ
151 3779 290 3847 quelitronr
308 3778 347 3831 ric
366 3778 402 3842 F,
425 3777 462 3847 qli
475 3793 567 3845 iomy
658 3784 688 3833 tr
706 3780 838 3836 cunctorii
854 3781 906 3849 sy:
925 3784 1056 3839 cunctari
1074 3786 1102 3840 F
1185 3794 1215 3840 tt

56 3872 182 3926 tenluuret
204 3871 477 3949 Iahniusffiigluuiel
502 3869 558 3926 ised
574 3878 582 3921 i
600 3886 617 3923 a
635 3889 717 3927 manu
744 3876 872 3940 secundo)
897 3879 930 3945 F,
955 3881 1094 3949 gluurelp
1185 3886 1215 3934 IS

56 3981 138 4051 federit
155 3994 180 4043 F
265 3997 295 4045 19
313 3956 357 4045 liliv
378 3994 416 4055 F,
440 3989 497 4042 filiu
525 4008 544 4057 φ
637 3996 666 4043 21
688 4008 703 4045 ο
731 3994 760 4045 in
783 4008 845 4065 ergo
870 4016 941 4052 corr.
969 4017 986 4054 a
1009 4002 1103 4071 prima
1131 4017 1216 4053 crocu

56 4091 87 4130 tx
102 4097 116 4135 a
132 4084 197 4137 taff
260 4086 322 4153 bon;
342 4102 392 4139 om.
412 4083 445 4135 F‘
494 4098 555 4151 pme
573 4084 658 4153 agedt‘i
677 4094 705 4153 (a
723 4091 751 4143 in
768 4099 835 4156 ras.)
854 4111 889 4159 90:
906 4108 985 4161 pmeo
1002 4094 1071 4161 gedu
1091 4095 1115 4144 F
1182 4099 1216 4147 22

57 4183 99 4235 que
115 4161 202 4247 tolalin
221 4179 302 4233 lerunt
325 4185 423 4232 amant
446 4182 509 4234 noiii
527 4182 583 4234 erut
599 4182 710 4236 inducta
729 4185 756 4235 in
775 4185 804 4237 F
884 4191 916 4239 23
933 4184 1031 4254 ingenii
1047 4188 1098 4255 For
1168 4175 1213 4241 ni-

56 4263 129 4327 nhrrh
147 4272 169 4323 P
255 4275 287 4326 26
305 4288 322 4325 a
339 4274 367 4326 iu
384 4272 492 4326 domina
509 4292 526 4328 a
543 4274 663 4329 secunda
680 4292 762 4330 triana
788 4278 815 4330 ic
838 4294 892 4332 ras.
917 4282 1021 4350 serapte
1048 4282 1076 4332 in
1095 4282 1137 4344 F,
1165 4280 1215 4333 do-

57 4370 151 4431 mmac
238 4369 270 4419 29
290 4366 406 4434 uele:
426 4382 474 4434 per
489 4368 512 4437 f
