2934 4900
238 211 297 272 160
727 226 820 274 mam
841 225 913 273 vuu

322 376 374 441 Ad
406 377 502 443 istum
524 377 652 444 modum
676 377 886 445 diuinationis
914 384 987 444 astu
1016 378 1159 461 captioso
1182 383 1387 442 contraxerant
1442 406 1443 457 1

120 487 214 552 VIIII
235 507 298 552 non
322 508 441 571 paruas
464 491 618 574 pecunias
641 489 697 555 sed
722 488 868 556 adsiduis
899 488 1204 571 interrogationibus
1226 487 1387 570 argumenti

236 597 385 663 satietate
420 600 484 663 iam
522 599 654 674 defecti,
673 620 798 664 rursum
827 598 869 664 ad
897 600 984 664 uiam
1012 599 1186 682 prodeunt,
1224 598 1308 662 uiam
1332 603 1386 660 tota
1402 593 1443 676 [rt

236 727 332 790 quam
354 716 447 775 nocte
480 710 717 776 confeceramus
752 713 848 794 longe
876 710 1030 792 peiorem.
1075 708 1214 792 quidni?
1245 707 1387 772 lacunosis

236 817 386 884 incilibus
400 820 629 904 uoraginosam
650 821 767 904 partim
791 821 955 903 stagnanti
977 817 1096 904 palude
1118 818 1252 883 fluidam
1274 824 1304 882 et
1323 817 1413 881 alibit
1443 894 1445 923 Ι

235 928 382 992 subluuie
391 946 531 994 caenosa
545 931 710 996 lubricam.
727 931 848 995 crebris
861 929 1000 1012 denique
1007 928 1214 994 offensaculis
1225 935 1257 994 et
1264 926 1388 994 assiduis
1443 934 1445 1017 ξ

234 1037 382 1120 lapsibus
405 1039 468 1102 iam
492 1041 634 1106 contusis
650 1041 794 1107 cruribus
817 1041 897 1106 meis
921 1039 978 1104 uix
999 1037 1129 1104 tandem
1151 1038 1195 1103 ad
1210 1043 1387 1122 campestres

237 1148 368 1214 semitas
389 1150 496 1216 fessus
519 1149 658 1216 euadere
681 1151 780 1234 potui.
825 1160 857 1216 et
879 1168 952 1216 ecce
981 1150 1075 1214 nobis
1097 1156 1230 1233 repente
1253 1148 1292 1213 de
1311 1155 1388 1228 tergo

236 1258 421 1342 manipulus
444 1261 559 1325 armati
582 1267 810 1344 supercurrunt
832 1260 956 1342 equites
971 1277 1132 1343 aegreque
1147 1258 1288 1323 cohibita
1308 1277 1389 1340 equo·
1443 1252 1444 1259 ’

235 1389 305 1432 rum
328 1370 444 1433 curruli
467 1370 556 1435 rabie
579 1370 750 1436 Philebum
772 1378 958 1453 ceterosque
991 1370 1124 1435 comites
1153 1369 1223 1434 eius
1259 1369 1389 1432 incolant
1406 1372 1425 1418 m

235 1477 324 1542 auidi
346 1480 491 1564 colloque
507 1481 676 1545 constricto
700 1488 730 1545 et
753 1481 929 1563 sacrilegos
952 1480 1160 1564 impurosque
1176 1479 1388 1562 compellantes

236 1588 396 1653 interdum
418 1592 536 1674 pugnis
565 1590 780 1656 obuerberant
813 1611 872 1658 nec
900 1611 965 1656 non
994 1590 1129 1655 manicis
1157 1589 1254 1654 etiam
1280 1588 1390 1652 uinctos

235 1707 381 1765 coartant
402 1707 435 1765 et
455 1701 631 1767 identidem
653 1703 779 1784 urgenti
804 1721 952 1767 sermone
980 1700 1192 1784 comprimunt
1224 1703 1391 1782 promerent
1444 1706 1446 1787 t

236 1811 325 1876 ocius
349 1829 479 1876 aureum
513 1811 721 1894 cantharum,
756 1819 939 1896 promerent
960 1817 1233 1876 auctoramentum
1254 1807 1327 1874 illud
1350 1807 1391 1874 sui

236 1922 367 1987 sceleris
390 1921 474 2005 quod
497 1922 701 1988 simulatione
732 1921 948 2002 sollemnium,
982 1940 1066 2001 quae
1095 1921 1129 1984 in
1152 1926 1262 2003 operto
1283 1919 1391 1984 factita·
1406 1926 1425 1971 tt

235 2037 364 2114 nerant,
403 2031 444 2096 ab
483 2032 565 2116 ipsis
601 2032 826 2115 puluinaribus
863 2032 973 2097 matris
1001 2030 1097 2096 deum
1130 2031 1275 2094 clanculo
1309 2028 1391 2092 furati

237 2161 368 2226 prorsus
390 2143 484 2225 quasi
506 2151 640 2226 possent
661 2144 743 2206 tanti
765 2142 917 2208 facinoris
932 2141 1071 2206 euadere
1092 2140 1286 2224 supplicium
1306 2139 1391 2203 tacita

183 2251 216 2315 X
238 2252 433 2336 profectione
455 2250 559 2316 adhuc
581 2254 651 2317 luce
673 2253 773 2317 dubia
794 2252 971 2336 pomerium
993 2251 1204 2335 peruaserint.
1227 2269 1286 2315 nec
1306 2248 1392 2314 demit

240 2364 294 2446 qui
317 2382 415 2426 manu
436 2382 533 2446 super
555 2361 685 2429 dorsum
707 2381 812 2426 meum
835 2363 953 2427 iniecta
973 2363 1007 2427 in
1030 2362 1101 2443 ipso
1133 2361 1214 2426 deae
1237 2381 1329 2444 quam
1349 2378 1392 2441 ge-

194 2516 196 2521 .
239 2474 349 2538 rebam
386 2474 508 2556 gremio
546 2480 704 2539 scrutatus
740 2474 919 2558 repperiret
955 2481 1051 2556 atque
1087 2473 1230 2537 incoram
1267 2471 1392 2537 omnium
1406 2468 1425 2517 ll

239 2602 371 2648 aureum
394 2582 595 2668 depromeret
624 2584 822 2649 cantharum.
865 2603 924 2649 nec
953 2585 1014 2648 isto
1044 2585 1158 2648 saltem
1191 2589 1257 2646 tam
1284 2580 1392 2647 nefario

144 2696 149 2704 '
238 2696 359 2759 scelere
380 2694 633 2778 impuratissima
655 2696 711 2759 illa
733 2695 841 2777 capita
855 2694 1011 2759 confutari
1027 2694 1180 2758 terreriue
1202 2700 1331 2776 potuere
1346 2688 1394 2755 sed
1445 2743 1447 2786 Ι

239 2804 394 2870 mendoso
416 2805 483 2871 risu
506 2804 694 2870 cauillantes
720 2797 782 2869 ‘en'
813 2805 962 2887 inquiunt
981 2796 1149 2885 ‘indignae
1177 2802 1223 2867 rei
1253 2801 1395 2869 scaeuita·
1445 2789 1447 2878 i

189 2915 195 2929 '
238 2922 302 2980 tem
330 2935 426 2998 quam
454 2915 601 2997 plerique
635 2915 780 2980 insontes
816 2914 1037 2998 periclitantur
1072 2912 1235 2978 homines!
1278 2916 1394 2997 propter
1445 2895 1446 2964 i

238 3027 367 3090 unicum
389 3026 588 3106 cantharum,
612 3044 705 3108 quem
728 3025 823 3089 deum
845 3031 948 3088 mater
970 3024 1072 3089 sorori
1094 3042 1172 3088 suae
1191 3021 1271 3088 deae
1293 3020 1393 3106 Syriae
1405 3010 1425 3059 ²5

238 3136 401 3221 hospitale
423 3155 538 3201 munus
561 3137 690 3218 optulit,
722 3135 837 3199 noxios
859 3134 1026 3217 religionis
1048 3133 1209 3199 antistites
1231 3132 1273 3197 ad
1296 3128 1393 3197 discri-

239 3266 314 3309 men
336 3246 446 3310 uocari
468 3240 602 3330 capitis.³
968 3250 974 3260 ’

323 3356 412 3421 Haec
445 3364 477 3420 et
505 3356 588 3421 alias
626 3354 741 3420 similis
768 3354 905 3419 afannas
934 3354 1052 3418 frustra
1075 3352 1328 3443 adblatterantes
1348 3368 1393 3415 eos

308 3570 322 3618 3
347 3562 405 3620 tota
422 3565 456 3631 {F
547 3570 561 3621 6
591 3566 682 3619 tenofa
708 3564 752 3633 For
838 3568 854 3616 9
882 3562 996 3631 cohrbrte
1022 3571 1097 3631 quoq
1126 3563 1155 3617 F
1244 3567 1274 3615 12
1303 3562 1393 3615 uinctos

246 3658 411 3713 Vulcanius:
439 3660 551 3713 cunctcf
575 3658 619 3727 Fa
712 3662 745 3710 14
762 3658 837 3711 ocius
861 3655 1032 3711 Beroaldus:
1059 3657 1148 3724 potruf
1173 3655 1202 3709 F
1283 3657 1392 3709 auctorn-

239 3748 346 3805 menetir
371 3751 409 3805 F‘
514 3756 544 3806 19
568 3748 649 3805 mand
677 3750 713 3805 F¹
806 3754 837 3804 22
857 3750 929 3804 fcere
954 3749 992 3803 12¹
1080 3753 1113 3803 23
1140 3749 1271 3803 inuidioso
1295 3742 1394 3803 confecit

242 3845 363 3909 Celerius,
390 3844 513 3899 mendaci
536 3844 664 3900 Floridus
756 3848 787 3897 25
807 3843 973 3908 cantharum,
991 3841 1053 3896 odd.
1078 3843 1106 3895 in
1131 3859 1218 3913 ararq.
1245 3833 1393 3896 caliculfrf¹

240 3934 355 3992 caliculis
383 3960 403 4009 φ
489 3943 520 3992 27
549 3954 589 3992 arr
615 3939 643 3991 ia
672 3954 765 3992 uocarr
791 3938 819 3990 ia
848 3953 903 3991 ras.
937 3938 954 3989 4
982 3936 1032 3990 litt.
1058 3936 1169 4007 scripsit
1193 3952 1267 3988 marr.
1291 3927 1394 3988 sconarda

240 4034 268 4086 r'a
285 4032 323 4097 F,
347 4048 441 4086 uocarr
466 4053 485 4103 φ
572 4036 604 4085 28
621 4032 727 4099 hacco
752 4037 778 4085 et
800 4036 831 4084 at
854 4030 912 4085 aid.
938 4030 975 4094 F,
1002 4028 1079 4098 hrff
1159 4028 1295 4098 ahale,
1320 4018 1398 4087 abds

241 4126 330 4179 frmrhf
346 4125 399 4195 Fa,
418 4126 519 4191 frmrlrb3
537 4126 558 4195 f
621 4124 734 4179 afannas
750 4126 840 4185 (fertio
858 4139 874 4176 a
892 4141 909 4178 a
927 4139 1009 4177 inarata
1027 4139 1078 4177 sec.
1102 4138 1174 4177 corr,
1192 4123 1220 4175 ia
1237 4126 1256 4188 1)
1275 4123 1305 4187 F,
1323 4116 1393 4172 affan-

240 4220 295 4283 naf,
321 4218 382 4273 add.
402 4220 430 4273 fa
447 4234 533 4290 uturp.
552 4217 655 4271 atianaf
670 4238 711 4286 p„
725 4218 762 4287 cf.
784 4218 840 4281 188,
858 4219 875 4270 3
952 4216 1160 4270 adblateranteis
1177 4211 1393 4268 Elmeaborstias:

140 4358 144 4367 '
241 4354 416 4410 ablaterantrf
432 4362 459 4416 (n
477 4355 574 4421 deletu)
594 4356 626 4419 F,
645 4286 863 4423 abqlaieraddip
