2934 4900
196 253 201 265 -
232 217 272 285 58
733 232 826 278 uranu
848 233 901 278 1111

200 472 203 478 Ι
232 389 298 455 silit
319 393 354 452 ut
376 385 425 454 sui
448 383 598 448 uidelicet
613 383 820 449 miseratione
843 383 921 448 mihi
936 405 1093 469 praesens
1114 393 1238 451 crearet
1260 385 1400 450 exitium.

231 498 336 565 cuncti
357 497 442 562 enim
466 494 586 580 pagani
609 491 738 558 fletibus
754 495 824 560 eius
848 495 943 560 exciti
960 497 1067 561 statim
1089 497 1291 560 conclamant
1305 515 1400 560 canes

232 617 330 694 utque
353 606 395 673 ad
418 625 468 670 me
490 603 679 670 laniandum
708 604 800 670 rabie
822 605 934 690 perciti
964 606 1084 671 terrent
1105 607 1259 692 impetum
1280 605 1400 688 passim

232 721 446 784 cohortantur.
484 722 560 781 tunc
583 714 681 798 igitur
694 717 806 800 procul
828 715 927 780 dubio
949 717 1014 781 iam
1029 719 1123 782 morti
1146 719 1312 801 proximus
1334 737 1401 781 cun

232 829 376 894 uiderem
400 847 497 894 canes
521 833 552 891 et
574 824 668 890 modo
691 846 827 910 magnos
850 834 883 891 et
904 847 1037 893 numero
1070 830 1185 894 multos
1208 834 1240 894 et
1261 829 1347 896 ursis
1369 841 1422 892 acss·

232 939 379 1005 leonibus
402 937 444 1003 ad
467 935 738 1020 conpugnandum
767 937 902 1004 idoneos
924 938 958 1003 in
980 958 1032 1003 mc
1054 945 1247 1006 conuocatos
1270 959 1400 1024 exaspe-

232 1051 313 1132 rari,
343 1069 361 1116 e
384 1068 417 1114 re
440 1055 518 1114 nata
540 1054 634 1130 capto
662 1047 797 1114 consilio
825 1049 934 1132 fugam
956 1049 1084 1116 destino
1113 1070 1152 1114 ac
1174 1071 1225 1115 me
1247 1058 1399 1116 retrorsus

187 1143 189 1148 ¹
232 1162 330 1226 celeri
359 1159 461 1244 gradu
495 1178 620 1224 rursum
655 1157 688 1222 in
722 1157 882 1224 stabulum
915 1181 978 1244 quo
1012 1160 1253 1227 deuerteramus
1274 1160 1398 1244 recipio.

232 1279 265 1336 at
294 1271 341 1336 illi
371 1271 506 1336 canibus
533 1270 598 1334 iam
627 1287 724 1352 aegre
754 1269 905 1336 cohibitis
936 1270 1106 1356 adreptum
1135 1291 1185 1336 me
1213 1272 1282 1337 loro
1311 1292 1399 1355 qnam

231 1383 341 1448 ualido
363 1380 406 1446 ad
428 1381 574 1446 ansulam
599 1379 762 1464 quandam
786 1379 980 1446 destinatum
996 1403 1122 1449 rursum
1144 1381 1310 1447 caedendo
1332 1351 1446 1545 con-[ip

233 1495 386 1560 fecissent
408 1492 560 1576 prolecto,
583 1490 647 1556 nisi
670 1489 780 1557 dolore
802 1492 972 1576 plagarum
995 1493 1088 1559 aluus
1110 1500 1215 1558 artata
1236 1491 1400 1577 crudisque

232 1605 299 1670 illis
322 1602 488 1668 holeribus
511 1601 682 1668 abundans
705 1607 737 1666 et
758 1602 880 1666 lubrico
903 1601 991 1668 fluxu
1014 1605 1124 1670 saucia
1146 1603 1221 1667 fimo
1243 1602 1399 1670 fistulatim

233 1733 369 1782 excusso
398 1712 555 1797 quosdam
579 1713 713 1777 extremi
743 1713 878 1795 liquoris
901 1715 1089 1799 aspergine,
1118 1715 1202 1780 alios
1224 1721 1338 1799 putore
1358 1713 1399 1778 ni·

232 1826 320 1892 doris
342 1821 453 1890 faetidi
477 1843 498 1887 a
519 1822 600 1908 meis
622 1822 686 1887 iam
711 1824 842 1908 quassis
865 1825 1006 1909 scapulis
1028 1826 1221 1908 abegissem.

149 1935 212 2000 llll
318 1938 386 2002 Nec
409 1955 499 2000 mora
522 1954 592 1998 cum
616 1934 735 1998 iamin
759 1934 926 2000 meridiem
948 1955 1050 2021 prono
1065 1936 1178 2001 iubare
1201 1956 1327 2002 rursum
1347 1954 1398 1999 uos
1414 1924 1446 1984 1³³

234 2068 271 2113 ao
286 2045 460 2133 praecipue
482 2065 533 2109 me
556 2047 650 2128 longe
674 2046 806 2128 grauius
829 2051 978 2111 onustum
1000 2046 1180 2132 producunt
1197 2046 1246 2111 illi
1266 2048 1398 2112 latrones

235 2159 372 2224 stabulo.
409 2155 537 2240 iamque
569 2156 714 2221 conlecta
746 2155 832 2222 bona
864 2164 955 2240 parte
987 2157 1110 2222 itineris
1139 2164 1172 2223 et
1199 2157 1274 2222 niae
1302 2155 1398 2241 spatio

235 2269 377 2334 deiectus
400 2274 432 2332 et
454 2266 600 2332 sarcinae
622 2266 766 2351 pondere
788 2267 963 2352 depressus
978 2268 1159 2350 ictibusque
1181 2268 1312 2335 fustium
1334 2266 1398 2330 lati·
1446 2314 1447 2391 p

237 2387 332 2465 gatus
355 2385 451 2464 atque
474 2378 570 2442 etiam
594 2378 722 2463 ungulis
746 2379 871 2444 extritis
901 2379 964 2443 iam
995 2379 1128 2445 claudus
1151 2386 1183 2444 et
1204 2378 1344 2443 titubans
1363 2376 1398 2439 ri·

238 2493 347 2556 nulum
371 2489 530 2572 quendam
555 2491 713 2575 serpentis
735 2491 851 2555 leuiter
873 2510 978 2574 aquae
1007 2498 1137 2576 propter
1158 2491 1313 2557 insistens
1334 2487 1398 2554 sub·
1411 2493 1433 2541 ll

237 2603 324 2669 tilem
346 2602 546 2668 occasionem
562 2601 696 2667 feliciter
716 2608 831 2667 nactus
852 2601 1032 2685 cogitabam
1054 2608 1155 2667 totum
1178 2607 1295 2666 memet
1314 2596 1399 2663 flexis

234 2714 312 2779 scite
342 2712 487 2778 cruribus
515 2732 650 2796 pronum
682 2711 811 2777 abicere
844 2718 948 2778 certus
978 2719 1075 2797 atque
1104 2713 1283 2779 obstinatus
1310 2708 1398 2775 nullis
1447 2765 1448 2770 ,

237 2824 425 2890 uerberibus
455 2821 497 2889 ad
527 2820 775 2906 ingrediundum
806 2842 995 2907 exsurgere,
1024 2824 1121 2888 immo
1151 2824 1249 2889 etiam
1278 2826 1397 2908 paratus

234 2956 299 3001 non
313 2936 388 3002 fusti
400 2940 523 2999 tantum
541 2932 599 2999 sed
615 2932 789 2999 machaera
803 2936 970 3019 perfossus
986 2936 1182 3001 occumbere.
1213 2935 1308 3001 rebar
1321 2930 1396 2998 enim

234 3048 298 3111 iam
311 3067 362 3111 me
377 3064 510 3131 prorsus
522 3044 741 3110 exanimatum
754 3066 792 3110 ac
804 3046 943 3111 debilem
954 3046 1071 3112 mereri
1087 3041 1397 3111 causariammissio-
1411 3036 1432 3083 '2³

232 3178 314 3239 nem,
328 3165 413 3223 certe
421 3158 565 3222 latrones
577 3156 695 3241 partim
706 3149 900 3241 inpatientia
911 3176 1020 3223 morae
1034 3158 1151 3241 partim
1163 3156 1270 3222 studio
1280 3153 1398 3221 festina-

232 3275 284 3335 tae
297 3269 393 3351 fugae
404 3267 492 3335 dorsi
504 3266 567 3331 mei
580 3268 742 3332 sarcinam
753 3266 878 3333 duobus
888 3268 1004 3333 ceteris
1019 3268 1169 3333 iumentis
1182 3267 1395 3334 distributuros

234 3399 348 3463 meque
365 3380 399 3443 in
412 3377 535 3441 altioris
551 3376 714 3442 uindictae
726 3379 829 3442 uicem
844 3378 930 3461 lupis
952 3384 984 3443 ct
999 3378 1147 3443 uulturiis
1166 3377 1320 3463 praedam
1336 3371 1396 3437 reli-

184 3493 211 3555 V
234 3496 351 3556 cturos.
375 3487 433 3554 sed
444 3493 508 3552 tam
521 3487 641 3552 bellum
655 3488 824 3553 consilium
836 3508 942 3553 meum
954 3488 1131 3573 praeuertit
1140 3509 1210 3555 sors
1228 3487 1393 3554 deterrima.

302 3855 418 3919 3utque
441 3852 498 3907 cod.
524 3851 696 3924 interpolati:
720 3855 775 3918 atq;
793 3851 821 3904 F
885 3856 915 3904 nt
933 3852 961 3905 ia
987 3852 1088 3905 ferrent
1106 3867 1215 3905 aarum
1239 3850 1266 3902 ia
1286 3848 1312 3901 F
1381 3845 1391 3890 ἵ

235 3950 315 4012 capta
332 3944 386 4015 F¹9u
444 4016 454 4055 t
474 3960 534 4000 cum
552 3943 611 3997 fuluo
629 3959 700 3998 corr.
719 3961 737 3997 a
753 3944 873 3998 camerado
890 3962 973 3998 urana
991 3947 1019 3998 ia
1038 3945 1131 3999 cotrlro
1155 3945 1184 3997 ia
1202 3944 1231 3997 F
1250 3951 1284 3998 cn
1308 3941 1357 3993 tiluo
1376 3952 1392 4002 r

235 4063 325 4117 delmo
344 4063 375 4127 F,
402 4064 490 4121 delmo
515 4070 536 4127 (t
553 4062 615 4117 add.
633 4078 706 4115 moa.
722 4063 852 4120 secuodal
871 4084 890 4133 φ
979 4069 1006 4117 ll
1027 4060 1046 4119 ui
1067 4066 1096 4119 ia
1113 4058 1160 4117 alul
1177 4081 1195 4118 a
1211 4078 1263 4117 sco.
1281 4074 1356 4116 murro
1370 4056 1392 4105 o

235 4172 334 4211 rasura
350 4158 555 4229 scriptumtuc'd.
572 4158 661 4227 faisse
678 4158 705 4222 b)
724 4154 794 4219 iaF,
811 4157 902 4224 alb3p
958 4162 987 4211 12
1006 4158 1101 4221 olenb;
1118 4157 1147 4210 F
1196 4162 1228 4209 14
1246 4144 1394 4226 lebdrffl

243 4280 270 4328 15
288 4238 330 4328 Ni
347 4281 372 4340 (c
389 4275 452 4330 cdd.
471 4292 542 4329 marc.
561 4276 689 4331 remandat
715 4276 747 4339 F,
765 4272 860 4346 Necp
947 4280 978 4329 23
998 4271 1050 4329 etrd
1068 4276 1151 4329 itcrat
1167 4274 1199 4327 F·
1283 4275 1315 4327 29
1331 4259 1391 4321 nell

235 4367 628 4436 sacracramenta
972 4386 975 4392 ’
