2934 4900
418 237 423 242 .
513 222 585 269 cnr.
603 223 814 270 xum-xxm
1023 220 1032 249 ¹
1206 212 1245 270 51

71 375 191 456 intecti,
215 382 311 459 atque
325 375 438 455 nudati
461 375 656 440 bacchamur
678 376 712 439 in
727 375 896 458 Venerem,
919 396 991 441 cnm
1014 378 1142 462 quidem
1164 379 1245 443 mihi

69 486 135 548 iarn
158 486 292 568 fatigato
315 485 355 550 de
377 486 509 570 propria
530 484 725 551 liberalitate
739 486 829 554 Fotis
851 487 986 570 puerilis
1008 488 1123 555 obtulit
1144 490 1247 553 corol-

68 597 184 660 larium
207 597 336 680 iamque
358 595 534 662 luminibus
556 596 675 662 nostris
697 595 813 680 uigilia
826 597 978 665 marcidis
1001 598 1127 666 inlusus
1149 619 1247 687 sopor
1295 588 1297 597 ¹

69 707 168 772 otiam
191 706 225 772 in
247 706 346 772 alium
369 707 454 772 diem
477 727 537 774 nos
560 706 698 771 attinuit.
1003 711 1007 719 ’

40 822 51 868 5
153 816 206 880 Ad
228 815 313 881 hunc
328 816 457 882 modum
479 818 651 883 transactis
667 817 848 901 uoluptarie
869 819 982 902 paucis
997 821 1145 888 noctibus
1167 842 1243 906 qua·
1265 821 1349 886 XXI

68 924 144 989 dam
167 925 221 992 die
242 927 367 1012 percita
387 929 478 994 Fotis
506 947 544 992 ac
566 927 646 994 satis
679 926 806 1011 trepida
827 946 879 992 me
901 929 1038 994 accurrit
1058 930 1242 1015 indicatque

69 1039 234 1104 dominam
262 1059 354 1106 suam
377 1038 462 1122 quod
491 1037 571 1103 nihil
595 1037 693 1103 etiam
720 1043 795 1122 tuno
816 1037 850 1102 in
873 1059 949 1104 suos
972 1059 1098 1106 amores
1127 1042 1243 1108 ceteris

68 1149 194 1214 artibus
216 1157 434 1234 promoueret,
464 1154 556 1214 nocte
584 1148 733 1233 proxima
760 1149 794 1212 in
817 1167 911 1213 auem
934 1168 1007 1215 sese
1027 1151 1242 1234 plumaturam

68 1259 232 1342 atquead
254 1281 345 1325 suurn
368 1260 510 1344 cupitum
539 1258 585 1324 sio
608 1257 847 1340 deuolaturam,
876 1258 970 1343 proin
992 1270 1110 1326 memet
1131 1261 1174 1326 ad
1196 1263 1242 1326 rei

27 1377 52 1424 11
68 1377 179 1434 tantae
211 1371 418 1454 speculamen
447 1375 539 1434 caute
568 1387 806 1453 praepararem.
845 1369 975 1451 iamque
996 1371 1082 1435 circa
1103 1373 1240 1456 primam

68 1481 171 1547 noetis
194 1481 338 1564 uigiliam
361 1479 403 1544 ad
426 1478 507 1544 illud
526 1478 674 1563 superius
697 1479 877 1553 cubiculum
893 1501 1050 1564 suspenso
1073 1488 1106 1546 et
1127 1480 1241 1546 insono

68 1592 207 1676 uestigio
235 1611 287 1656 me
315 1590 463 1676 perducit
490 1590 627 1673 ipsaque
655 1608 715 1673 per
744 1590 857 1653 rimam
880 1590 1034 1655 ostiorum
1056 1591 1242 1675 quampiam

69 1701 156 1766 iubet
179 1701 338 1782 arbitrari,
361 1720 444 1783 quae
468 1700 515 1766 sic
535 1707 629 1784 gesta
651 1705 734 1764 sunt.
772 1699 836 1763 iam
859 1701 997 1784 primum
1024 1701 1175 1775 ,omnihus
1196 1702 1242 1766 la-

69 1812 162 1878 ciniis
187 1831 222 1876 sc
245 1811 384 1877 deuestit
405 1809 574 1895 Pamphile
597 1816 628 1873 et
650 1810 760 1874 arcula
791 1809 931 1893 quadam
954 1812 1080 1877 reclusa
1101 1810 1240 1896 pyxides

41 1921 50 1961 ³¹
69 1923 234 2005 plusculas
257 1920 529 2006 indefdepromib
554 1919 594 1985 de
617 1919 688 2003 quis
711 1919 805 1986 unius
828 1922 978 2004 operculo
999 1928 1121 1986 remoto
1143 1928 1241 2005 atque

69 2032 212 2098 indidem
245 2037 357 2115 egesta
378 2029 561 2114 unguedine
594 2029 712 2113 diuque
745 2031 897 2115 palmulis
928 2031 996 2096 suis
1019 2031 1178 2096 adfricata
1199 2031 1240 2095 ab
1300 2039 1305 2046 ’

69 2144 139 2210 imis
174 2142 338 2225 unguibus
362 2160 433 2207 sese
467 2147 565 2206 totam
597 2138 744 2224 adusque
778 2161 923 2207 summos
941 2142 1076 2226 capillos
1109 2141 1242 2226 perlinit

70 2256 266 2337 multumque
281 2272 353 2316 oum
374 2252 507 2316 lucerna
529 2257 650 2316 secreto
666 2252 834 2315 conlocuta
855 2251 999 2316 membra
1014 2253 1149 2317 tremulo
1172 2271 1240 2318 suc·

69 2385 162 2430 cussu
186 2363 298 2448 quatit.
336 2362 408 2447 quis
429 2361 545 2426 leniter
574 2359 804 2426 fluctuantibus
832 2361 1012 2448 promicant
1034 2364 1150 2429 molles
1172 2364 1240 2447 plu·

26 2489 51 2535 a·
68 2477 183 2557 mulae,
207 2481 354 2541 crescunt
366 2480 407 2539 et
428 2473 526 2538 fortes
539 2472 704 2555 pinnulae,
728 2471 860 2537 duratur
881 2494 981 2557 nasus
1004 2475 1166 2557 incuruus,
1191 2493 1239 2538 co-

68 2593 185 2668 guntur
206 2605 330 2668 ungues
353 2582 480 2649 adunci.
518 2581 554 2646 fit
581 2576 670 2658 hubo¹
695 2582 875 2666 Pamphile.
926 2584 971 2650 sic
993 2582 1080 2648 edito
1103 2583 1240 2649 stridore

68 2697 199 2778 querulo
220 2696 285 2759 iam
308 2694 358 2761 sui
379 2690 636 2779 periclitabunda
657 2692 813 2777 paulatim
836 2700 922 2758 terra
941 2694 1086 2776 resultat,
1110 2714 1184 2759 mox
1206 2694 1240 2758 in

69 2808 166 2871 altum
190 2805 362 2871 sublimata
384 2804 560 2869 lorinsecus
582 2802 657 2868 totis
680 2802 743 2867 alis
765 2804 881 2870 euolat.

148 2918 192 2981 Et
213 2916 270 2980 illa
292 2915 422 2999 quidem
444 2914 579 2996 magicis
603 2912 671 2979 suis
694 2912 818 2978 artibus
839 2913 952 2978 uolens
974 2913 1179 2994 reformatur,
1204 2920 1237 2979 at
1261 2914 1359 2981 XXII

28 3037 47 3079 1
70 3045 124 3109 ego
147 3026 238 3091 nullo
261 3025 449 3091 decantatus
476 3022 617 3088 carmine
645 3022 829 3106 praesentis
862 3028 986 3087 tantum
1008 3023 1084 3087 facti
1107 3028 1237 3106 stupore

70 3136 192 3202 defixus
222 3135 350 3219 quiduis
379 3135 474 3225 aliud
495 3134 599 3217 magis
628 3131 764 3197 uidebar
793 3152 866 3199 esse
894 3154 989 3217 quam
1018 3133 1148 3198 Lucius.
1194 3133 1241 3197 sic

70 3246 297 3313 exterminatus
315 3246 424 3329 animi,
447 3246 600 3310 attonitus
623 3244 657 3307 in
680 3243 854 3309 amentiam
876 3242 1017 3325 uigilans
1033 3242 1239 3325 somniahar;

70 3356 208 3423 defrictis
232 3356 312 3423 adeo
336 3354 391 3420 diu
412 3356 542 3439 pupulis
563 3357 608 3420 an'
629 3352 798 3438 uigilarem
822 3352 904 3419 scire
926 3353 1131 3437 quaerebam.
1168 3358 1237 3416 tan-

70 3466 139 3531 dem
168 3466 307 3550 denique
335 3484 486 3531 reuersus
510 3464 706 3530 adsensum
734 3464 952 3549 praesentium
980 3462 1118 3546 adrepta
1138 3482 1237 3527 manu

28 3579 52 3618 ³³¹
69 3577 190 3644 Fotidis
206 3584 236 3643 et
258 3576 388 3643 admota
410 3575 489 3641 meis
503 3574 679 3639 luminibus
699 3566 831 3659 ‘patere
855 3593 911 3638 oro
926 3566 971 3638 te’
996 3574 1128 3657 inquam
1147 3565 1235 3637 ‘dum

70 3685 166 3752 dictat
196 3686 330 3767 occasio,
357 3663 475 3769 magno
498 3694 529 3751 et
551 3683 724 3768 singularis
748 3704 799 3748 me
826 3683 1017 3749 adfectionis
1039 3691 1114 3748 tuae
1134 3684 1239 3747 fructu

16 3803 54 3869 aa]
70 3798 186 3879 perfrui
219 3804 251 3861 et
271 3796 436 3881 impartire
470 3780 563 3861 ndbis
595 3796 759 3859 unctulum
794 3793 936 3860 indidem
968 3814 1027 3879 per
1061 3794 1141 3884 istas
1163 3801 1237 3858 tuas

95 4018 308 4027 Quum-..-
316 4020 326 4023 ..
334 4018 360 4023 s..

134 4150 276 4220 lpuerrlrl
292 4165 331 4202 arc
348 4148 380 4213 F,
406 4148 509 4217 puerile
526 4148 610 4217 culpo
697 4146 813 4199 lnrchrl
830 4146 858 4199 F
939 4146 1019 4215 bad]
1037 4161 1055 4199 a
1071 4145 1103 4210 F,
1121 4144 1157 4197 ad
1174 4143 1238 4198 add

70 4259 162 4298 rannus
185 4243 356 4311 altercarer
454 4246 484 4297 lo
509 4240 677 4309 speculantem
697 4238 921 4310 (ludendo-pius:
940 4234 1049 4306 speould
1065 4238 1131 4345 Fa
1207 4240 1237 4291 12

70 4362 140 4431 rpsap
166 4374 217 4432 que
236 4362 267 4428 F,
285 4362 342 4430 rpla
359 4378 414 4431 pp
491 4329 609 4414 hostrord
627 4357 655 4412 F
740 4364 769 4412 te
787 4359 858 4412 lenr’t
880 4358 920 4411 s‘r'c
937 4356 981 4427 Fp
1055 4360 1088 4411 26
1106 4354 1209 4427 (1th

1000 4443 1034 4494 4*
