2934 4900
135 252 197 314 222
644 268 737 315 maru
758 267 796 313 xr

133 419 273 503 patrium
294 420 396 485 larem
417 418 580 487 reuisnrns
602 438 707 485 meum
729 425 804 503 post
824 419 967 501 aliquam
995 420 1129 487 multum
1151 422 1315 507 temporis

133 528 292 597 contendo
313 529 489 615 paucisque
509 536 583 613 post
603 529 718 597 diebus
740 530 822 596 deae
843 531 984 615 potentis
1011 530 1166 597 instinctu
1187 533 1311 616 raptim

131 639 314 707 constrictis
336 640 506 706 sarcinulis
532 660 618 707 naue
647 660 824 707 conscensa
844 642 979 715 Romam
1000 660 1116 707 uersus
1136 642 1310 726 proiectio-

132 770 206 817 nem
229 750 334 834 dirigo
355 755 505 835 tutusque
531 750 746 835 prosperitate
774 757 941 817 uentorum
974 752 1145 817 ferentium
1166 751 1309 835 Augusti

130 868 257 946 portum
271 861 437 928 celerrime
451 880 490 925 ac
504 860 622 927 dehinc
636 868 790 946 carpento
804 862 972 946 paruolaui
990 881 1192 946 uesperaque
1207 884 1306 947 quam
1327 870 1345 919 ⁵

131 971 362 1053 insequebatur
383 970 499 1037 Iduum
519 966 746 1037 Decembrium
761 979 999 1065 sacrosanctam
1020 974 1119 1047 istam
1140 973 1307 1039 ciuitatem

132 1081 261 1148 accedo.
304 1100 365 1148 nec
386 1082 486 1146 ullum
507 1091 572 1146 tam
595 1083 805 1167 praecipuum
834 1083 913 1149 mibi
934 1082 1052 1149 exinde
1081 1081 1223 1149 studium
1247 1084 1306 1150 init

131 1213 228 1275 quam
249 1192 368 1257 cotidie
390 1191 574 1277 supplicare
596 1212 720 1259 summo
742 1192 866 1259 numini
888 1194 1020 1277 reginae
1035 1192 1133 1260 Isidis
1155 1214 1240 1278 quae
1262 1194 1303 1261 de

131 1298 243 1388 templi
265 1303 328 1368 situ
350 1307 477 1388 sumpto
499 1302 630 1369 nomine
644 1302 838 1387 Campensis
861 1316 985 1387 summa
999 1323 1071 1369 eum
1092 1304 1304 1370 ueneratione

130 1414 331 1499 propitiatur.
358 1408 457 1478 'eram
478 1412 579 1478 cultor
594 1412 733 1497 denique
749 1412 905 1481 adsiduus
926 1414 995 1479 iani
1017 1413 1147 1499 quidem
1162 1413 1304 1498 aduena,
1327 1414 1361 1463 ¹⁰

132 1524 308 1608 religionis«
322 1530 429 1589 autem
451 1522 615 1607 indigena.

162 1690 167 1700 .
215 1634 298 1699 Ecce
319 1641 504 1700 transcurso
528 1633 681 1716 signifero
704 1634 823 1699 circulo
845 1635 894 1699 sol
916 1654 1054 1719 magnus
1076 1648 1304 1704 annum'com-

129 1746 276 1831 pleuerat
297 1751 329 1810 et
352 1744 490 1827 quietem
513 1763 618 1809 meam
640 1763 752 1810 rursus
785 1744 969 1827 interpellat
996 1745 1138 1812 numinis
1165 1745 1306 1813 benefici

129 1875 206 1921 cura
226 1854 394 1940 peruigilis
416 1861 448 1921 et
475 1875 587 1921 rursus
616 1855 748 1938 teletae,
779 1874 890 1921 rursus
919 1874 1081 1933 sacrorum
1109 1864 1306 1923 commonet.

129 1966 271 2032 mirabar
294 1964 371 2049 quid
393 1947 441 2030 rei
461 1971 643 2049 temptaret,
667 1964 745 2049 quid
767 1964 988 2049 pronuntiaret
1010 1965 1165 2031 futurum:
1188 1967 1304 2051 quidni
1328 1968 1361 2017 ¹⁵

22 2078 31 2133 ἔ
43 2074 104 2139 VII
126 2078 315 2165 plenissime
336 2076 401 2141 iam
432 2073 553 2139 dudum
582 2074 718 2141 uidebar
747 2075 901 2141 initiatus.
946 2094 984 2141 ao
1012 2074 1087 2141 dum
1115 2076 1307 2160 religiosum

126 2188 309 2273 scrupulum
331 2186 452 2271 partim
474 2184 561 2269 apud
584 2204 688 2250 meum
717 2204 847 2251 sensum
870 2184 998 2269 disputo
1020 2186 1137 2270 partim
1160 2190 1304 2255 sacrato-

125 2320 196 2365 rum
218 2297 365 2364 consiliis
387 2296 546 2378 examino,
570 2296 697 2360 nonum
711 2295 891 2385 mirumque
912 2296 1010 2379 plane
1026 2298 1202 2381 comperior
1217 2296 1302 2365 deae

27 2498 30 2502 A
124 2408 254 2496 quidem
278 2427 330 2474 me
347 2413 471 2473 tantum
485 2406 587 2473 sacris
602 2405 748 2472 inbutum
764 2425 802 2472 ao
816 2408 926 2490 magni
941 2405 994 2472 dei
1011 2404 1169 2492 deumque
1184 2409 1303 2476 summi

128 2520 272 2606 parentis
294 2518 408 2588 inuicti
430 2516 535 2584 Osiris
557 2517 693 2584 necdum
716 2517 817 2582 sacris
848 2517 1061 2591 inlustratum.
1106 2538 1302 2604 quamquam
1321 2525 1357 2575 20

127 2631 214 2697 enirn
236 2648 360 2694 conexa
380 2627 479 2692 immo
501 2646 579 2693 uero
600 2626 692 2692 unita
706 2627 790 2691 ratio
805 2627 947 2694 numinis
961 2624 1190 2713 religionisque
1205 2636 1300 2714 esset,

125 2747 234 2806 tamen
256 2740 375 2806 teletae
397 2737 572 2804 discrimen
594 2738 753 2804 interesse
775 2737 965 2802 maximum:
994 2738 1202 2823 prohincma
1225 2760 1302 2824 quo-

127 2870 190 2935 que
211 2850 278 2934 peti
298 2869 417 2933 magno
440 2849 538 2914 etiam
560 2847 621 2913 deo
642 2848 796 2913 famulum
818 2847 937 2914 sentire
959 2847 1118 2914 deberem.
1162 2869 1222 2916 nec
1244 2850 1301 2916 diu
1320 2861 1393 2933 [271]

124 2981 178 3026 res
201 2960 235 3026 in
256 2959 408 3043 ambiguo
430 2960 528 3026 stetit.
573 2978 648 3024 nam
670 2977 827 3042 proxuma
847 2964 941 3024 nocte
969 2957 1226 3060 uidi'quendam
1258 2959 1302 3028 de

126 3070 263 3138 sacratis
285 3069 395 3135 linteis
417 3069 570 3134 iniectum
586 3068 639 3150 qui
650 3067 780 3152 thyrsos
796 3074 827 3132 et
840 3067 979 3134 hederas
1002 3075 1033 3133 et
1046 3069 1183 3135 tacenda
1204 3092 1299 3155 quac·
1317 3096 1353 3154 *25
1389 3140 1390 3146 χ

123 3180 200 3246 dam
222 3164 343 3264 gerensv
364 3178 406 3244 ad
429 3180 518 3263 ipsos
538 3198 628 3243 meos
649 3178 736 3244 lares
766 3178 935 3242 collocaret
956 3185 988 3243 et
1019 3188 1173 3266 occupato
1202 3181 1298 3248 sedili

124 3308 196 3355 meo
225 3289 393 3372 religionis
420 3288 549 3371 amplae
577 3287 783 3354 denuntiaret
817 3289 939 3372 epulas.
983 3290 1012 3355 is
1040 3297 1075 3354 ut
1102 3291 1298 3374 agnitionem

123 3398 203 3465 mihi
225 3399 350 3466 scilicet
363 3404 452 3464 certo
467 3399 576 3481 aliquo
592 3398 641 3465 sui
663 3398 757 3480 signo
776 3398 1042 3482 subministraret,
1067 3400 1189 3467 sinistri
1203 3400 1297 3486 pedis

122 3511 189 3576 talo
211 3509 377 3593 paululum
399 3505 521 3574 reflexo
538 3507 762 3574 cunctabundo
778 3509 951 3574 clementer
965 3508 1135 3575 incedebat
1149 3511 1295 3595 uestigio.

122 3620 253 3688 sublata
274 3625 324 3685 est
346 3637 423 3702 ergo
445 3623 519 3702 post
545 3626 612 3683 tam
635 3618 838 3686 manifestam
860 3618 956 3686 deum
977 3620 1175 3686 uoluntatem
1197 3622 1297 3686 ambi·
1314 3645 1351 3697 30

121 3731 255 3827 guitatis
269 3736 338 3796 tota
349 3729 454 3812 caligo
470 3729 591 3795 stilico
606 3729 690 3796 deae
703 3729 869 3840 matntiuis
884 3730 1035 3815 perfectis
1048 3730 1296 3799 salutationibus

190 3939 316 4002 dragma
339 3931 426 3987 erhdri
448 3930 493 4001 Fp
578 3935 594 3984 9
613 3929 771 4000 Campensis
795 3931 963 3987 Beroaldus:
990 3914 1110 4002 mipenhi
1131 3931 1175 4001 Fa
1263 3936 1295 3986 12

32 4026 34 4030 ’
119 4044 246 4099 magnum
263 4027 377 4082 cenarit
393 4023 550 4081 Beroaldus
637 4028 668 4077 15
681 4007 805 4093 ‘caprarii
822 4024 854 4090 F,
872 4024 1049 4094 temptardrp
1137 4029 1167 4078 18
1185 4041 1211 4080 ro
1229 4041 1247 4079 n
1267 4026 1296 4080 ia

119 4123 226 4184 examro
243 4115 318 4178 nonh
335 4120 364 4175 in
378 4120 462 4174 rasi
479 4118 630 4173 litterarum
647 4136 665 4172 α
682 4133 733 4173 sec.
751 4137 834 4175 manu
850 4120 954 4190 scrqrm
971 4121 1001 4174 ia
1015 4119 1048 4184 F,
1066 4119 1164 4174 eramo
1181 4125 1256 4172 noun
1274 4139 1296 4188 φ

119 4229 152 4280 20
171 4229 327 4291 quanquam
343 4213 373 4268 F
436 4217 467 4267 21
487 4212 564 4267 unita
580 4211 727 4268 ratio'cod.
746 4213 904 4286 interpolati
909 4234 918 4265 .-
936 4228 953 4266 a
969 4225 1001 4266 ra
1018 4214 1047 4266 in
1063 4215 1246 4266 munitaratro
1266 4212 1296 4265 ia

118 4332 174 4373 ras.
193 4312 270 4367 3litt.
289 4328 307 4364 a
323 4324 377 4365 ccc.
397 4307 601 4378 manuscripta
619 4308 647 4360 in
665 4307 695 4371 F,
712 4311 798 4360 mumt
824 4311 893 4360 artro
911 4327 940 4376 φ,
963 4305 1069 4360 inunita
1086 4305 1155 4362 ratio
1179 4305 1296 4360 coniecit

118 4403 336 4467 Httdebrandtas
422 4405 454 4456 23
472 4416 568 4470 magno
584 4401 617 4469 s:
633 4414 713 4456 mano
732 4400 777 4468 Fp
863 4404 894 4454 25
913 4399 1027 4470 hederas
1042 4399 1104 4453 F·
1194 4427 1198 4436 ·
