2934 4900
209 169 250 230 24
721 179 815 226 amar
837 178 862 225 n

209 354 278 402 ccm
299 334 428 402 intorsit
455 339 487 399 et
514 333 557 398 ad
585 352 636 398 me
663 351 821 398 conuersa
847 331 934 396 limis
956 335 989 396 et
1009 325 1252 394 mansitantibus
1281 325 1384 390 oculis

205 437 300 510 ‘heus
329 450 378 525 tu,
408 432 614 510 scholasticc'
646 443 692 508 ait
717 435 823 508 tdulce
844 447 877 506 et
897 459 1043 506 amarum
1071 439 1235 522 gustulum
1263 437 1380 520 carpis.

209 573 288 620 caue
316 572 357 620 ne
385 554 487 619 nimia
515 553 619 620 mellis
650 551 821 620 dulcedine
849 551 1006 617 diutinam
1035 549 1112 616 bilis
1133 547 1381 613 amaritudinem

209 655 407 730 contrahas’
1029 680 1033 684 ·

292 768 391 860 ‘Quid
413 765 499 840 istic'
523 772 654 857 inquam
674 765 750 844 ‘est,
773 791 846 838 mea
866 772 1042 854 festiuitas,
1072 789 1143 835 cum
1165 768 1226 835 sim
1248 774 1408 852 paratust

210 885 263 950 uel
285 904 349 950 uno
372 883 496 949 sauiolo
519 884 645 949 interim
667 889 832 952 recreatus
852 903 949 966 super
966 883 1063 946 istum
1085 880 1194 963 ignem
1215 887 1381 963 porrectus

210 985 331 1062 assari'
356 999 480 1060 etcum
503 992 587 1059 dicto
610 993 711 1060 artius
734 1012 806 1058 eam
828 993 1014 1076 complexus
1036 991 1129 1075 coepi
1150 989 1282 1056 saciari.
1305 989 1380 1052 iam-

211 1123 273 1188 que
306 1103 434 1170 aemula
461 1102 598 1169 libidine
630 1104 663 1171 in
692 1104 812 1170 amoris
839 1101 1035 1187 parilitatem
1064 1099 1380 1183 congermanescenti

213 1233 338 1281 mecum
360 1214 425 1280 iam
447 1215 590 1299 patentis
606 1213 671 1281 oris
694 1214 841 1279 inhalatu
862 1214 1031 1278 cinnameo
1053 1218 1086 1277 et
1103 1211 1303 1276 occursantis
1325 1211 1380 1274 lin-

137 1375 140 1384 .
210 1343 294 1409 guae
324 1324 422 1390 inlisu
451 1332 600 1390 nectareo
630 1344 733 1410 prona
760 1323 911 1409 cupidine
936 1322 1156 1388 adlibescente
1181 1311 1306 1406 ‘pereo'
1337 1319 1381 1383 in·
1399 1332 1422 1378 ro

211 1453 307 1518 quam
329 1427 519 1499 ‘immolam
542 1433 661 1500 dudum
677 1434 760 1520 perii
781 1434 845 1501 nisi
867 1441 901 1499 tu
915 1424 1128 1518 propitiaris'
1167 1431 1209 1498 ad
1231 1430 1313 1496 haec
1327 1431 1382 1494 illa

211 1565 338 1610 rursum
361 1563 411 1609 me
433 1543 620 1611 deosculato
639 1527 737 1611 ‘bono
753 1545 860 1610 animo
877 1535 960 1610 esto'
984 1543 1097 1628 inquit.
1131 1536 1220 1608 ‘nam
1242 1562 1303 1625 ego
1325 1540 1380 1605 tihi

212 1661 322 1720 mutua
344 1655 509 1742 uoluntate
532 1655 729 1739 mancipiata
744 1676 814 1721 sum
837 1674 897 1721 nec
918 1654 1067 1740 uoluptas
1089 1659 1200 1720 nostra
1221 1652 1382 1718 dideretur

211 1765 345 1842 ulterius
368 1764 427 1831 sed
449 1765 555 1849 prima
576 1765 646 1837 face
661 1766 841 1830 cubiculum
864 1770 953 1830 tuum
975 1764 1084 1832 adero.
1122 1764 1177 1832 abi
1199 1784 1275 1847 ergo
1298 1781 1335 1826 ac
1350 1768 1381 1824 te

213 1895 373 1960 compara,
397 1880 464 1940 tota
486 1875 572 1940 enim
594 1882 687 1942 nocte
709 1876 832 1941 fortiter
854 1883 885 1941 et
907 1875 1079 1941 exanimo
1101 1866 1311 1960 proeliabor.'
1399 1873 1420 1920 ¹5

141 1983 191 2048 XI
296 1986 358 2052 His
381 1990 413 2050 et
433 1984 554 2052 talibus
582 1985 768 2070 obgannitis
796 1986 997 2053 sermonibus
1019 1987 1104 2052 inter
1125 1985 1380 2057 nosdiscessum

213 2103 272 2162 est.
311 2096 510 2162 commodum
532 2096 684 2164 meridies
713 2104 896 2164 accesserat
924 2101 957 2162 et
977 2096 1074 2162 mittit
1094 2096 1174 2161 mibi
1194 2093 1381 2180 Byrrhaena

211 2207 343 2272 xeniola
371 2227 502 2290 porcum
530 2208 671 2292 opimum
695 2213 726 2273 et
748 2206 890 2290 quinque
918 2206 1093 2288 gallinulas
1115 2213 1147 2271 et
1167 2205 1236 2270 uini
1268 2203 1379 2269 cadum

193 2397 195 2407 Ι
213 2317 248 2382 in
274 2322 380 2382 aetate
395 2317 538 2402 pretiosi.
566 2325 641 2382 tunc
656 2338 715 2403 ego
731 2324 846 2382 uocata
860 2316 974 2382 Fotide
986 2309 1080 2380 ‘ecce’
1096 2317 1228 2400 inquam
1239 2311 1381 2380 ‘Veneris

212 2411 356 2493 hortator
371 2433 403 2494 et
417 2429 557 2512 armiger
571 2428 678 2495 Liber*
690 2427 822 2494 aduenit
842 2428 934 2494 ultro.
972 2427 1083 2492 uinum
1104 2425 1191 2493 istud
1205 2425 1301 2491 hodie
1316 2444 1378 2491 sor·
1394 2436 1418 2486 ro

210 2538 325 2605 bamus
341 2558 444 2620 omne,
468 2539 556 2623 quod
570 2540 665 2605 nobis
679 2539 858 2623 restinguat
871 2537 1005 2623 pudoris
1019 2538 1185 2622 ignauiam
1196 2542 1228 2601 et
1243 2537 1377 2602 alacrem

210 2648 354 2731 uigorem
369 2648 514 2716 libidinis
528 2649 673 2715 incutiat.
703 2650 784 2715 haec
799 2649 883 2715 enim
899 2648 1054 2715 sitarchia
1067 2644 1379 2731 nauigiumVeneris

211 2758 334 2843 indiget
356 2760 428 2827 sola
449 2765 484 2824 ut
505 2759 539 2825 in
560 2768 653 2827 nocte
675 2760 826 2844 peruigili
848 2765 880 2825 et
901 2760 972 2825 oleo
993 2762 1127 2825 lucerna
1147 2763 1179 2823 et
1200 2758 1277 2828 uino
1299 2756 1378 2822 calix

213 2862 379 2936 abundet'

296 2981 391 3045 Diem
405 2987 547 3047 ceterum
564 2983 696 3047 lauacro
714 3000 754 3046 ac
770 2980 845 3046 dein
861 3000 961 3046 cenae
972 2978 1130 3045 dedimus.
1167 2999 1241 3043 nam
1253 2976 1378 3042 Milonis
1393 2979 1417 3027 a

211 3090 286 3154 boni
299 3091 564 3156 concinnaticiam
576 3092 757 3158 mensulam
770 3097 901 3175 rogatus
913 3089 1129 3155 adcubucram
1142 3109 1237 3173 quam
1248 3093 1378 3171 pote-tu-

209 3205 261 3267 tus
269 3200 311 3265 ab
319 3202 428 3267 uxoris
436 3202 506 3267 eius
516 3208 660 3287 aspectu,
668 3201 877 3287 Byrrhaenae
885 3200 1075 3266 monitorum
1083 3196 1378 3283 memoretperinde

138 3399 141 3407 ,
210 3310 244 3373 in
267 3310 336 3377 eius
357 3311 473 3376 faciem
489 3311 598 3378 oculos
622 3331 709 3377 meos
733 3330 771 3376 ac
794 3312 822 3378 si
844 3312 878 3375 in
900 3311 1063 3376 Auernum
1084 3311 1189 3375 lacum
1205 3291 1376 3374 formidans

211 3418 400 3485 deieceram.
439 3419 497 3487 sed
528 3419 665 3487 adsiduo
694 3422 873 3505 respiciens
900 3420 1215 3507 praeministrantem
1236 3417 1376 3483 Fotidem

210 3528 290 3594 inibi
314 3530 487 3597 recreabar
509 3530 610 3595 animi
632 3550 704 3596 cum
726 3551 801 3597 ecoe
822 3532 886 3597 iam
910 3550 1048 3616 uespera
1068 3531 1231 3598 lucernam
1253 3530 1375 3593 intuens
1390 3521 1414 3572 3⁰

279 3684 293 3733 2
313 3663 450 3735 scolastice
466 3681 494 3735 F
575 3686 590 3736 6
609 3681 716 3751 sabrolio
734 3682 767 3746 F,
786 3682 884 3736 labrolo
903 3698 973 3737 corr.
990 3683 1019 3735 iu
1037 3682 1136 3736 laurolo
1155 3700 1175 3749 φ
1251 3684 1264 3731 l
1284 3676 1375 3748 ceer

211 3766 266 3827 iia
284 3773 380 3827 labrari
399 3775 428 3827 r'a
445 3790 500 3828 ras.
519 3774 576 3831 laed
591 3774 647 3829 uid.
664 3774 753 3844 scisse
769 3776 831 3845 apra
847 3774 869 3839 ll
885 3781 911 3827 et
928 3774 946 3828 b
963 3791 1033 3829 corr.
1059 3791 1098 3829 ex
1114 3791 1133 3828 u
1150 3774 1179 3827 ia
1195 3776 1228 3840 F,
1248 3776 1375 3840 lauranp

211 3872 242 3920 10
260 3866 439 3920 adhuelcente
455 3866 488 3920 F
550 3872 580 3921 13
599 3874 762 3937 manc1prata
778 3869 818 3922 sic
835 3869 880 3937 Fp
935 3872 964 3921 15
982 3868 1087 3937 pbabor
1103 3868 1133 3921 F
1183 3874 1212 3921 17
1231 3866 1379 3938 byrrenaF

211 3964 241 4013 18
256 3954 274 4029 p
294 3956 355 4017 ortr'r
367 3955 430 4029 F,pi
450 3966 519 4025 ortu,
537 3962 585 4015 sed
602 3962 740 4016 inductum
758 3967 878 4033 etsuprc
894 3962 1026 4033 scriptum
1043 3968 1129 4031 percu
1146 3980 1166 4029 φ
1218 3958 1319 4031 optrmd
1334 3960 1373 4027 Fo

212 4057 241 4106 19
259 4052 345 4107 fotrde
363 4070 435 4109 corr.
453 4072 470 4108 a
488 4071 539 4109 ccc.
556 4070 638 4108 manu
656 4070 694 4109 ecc
703 4053 796 4108 fotrdrl
811 4056 840 4108 ia
848 4057 880 4119 F,
897 4054 981 4109 lotide
998 4072 1068 4109 corr.
1087 4070 1125 4107 ear
1141 4052 1219 4108 fotrdr
1238 4057 1303 4124 inp
1344 4055 1373 4105 22

209 4152 239 4199 ut
257 4148 285 4201 iu
302 4152 419 4201 rncutrat
435 4148 515 4203 bodie
532 4165 587 4203 aon
605 4154 744 4219 conparet
761 4149 789 4201 ic
809 4146 842 4212 F,
860 4153 1012 4216 rncutratp
1063 4148 1115 4215 hec
1132 4148 1171 4202 sic
1187 4147 1222 4212 F,
1239 4154 1296 4217 hp
1346 4150 1372 4198 ll

210 4240 345 4294 habund&
365 4240 392 4295 F
458 4245 489 4295 25
510 4237 610 4310 cetelrd
627 4271 637 4293 t
655 4271 665 4293 t
682 4270 692 4294 t
709 4270 719 4294 t
737 4240 847 4295 lauacro
865 4271 875 4291 ι
892 4239 926 4308 F,
944 4242 1089 4302 taullcncc
1101 4241 1199 4295 lucana
1217 4258 1267 4297 aec
1283 4254 1373 4295 rasura

208 4326 236 4377 in
255 4330 283 4393 φ)
370 4330 401 4379 27
420 4326 552 4396 byrrhene
570 4325 599 4380 F
