2934 4900
541 232 611 280 car.
635 232 767 278 xe-xnr
983 261 992 276 ,
1192 215 1232 277 25

75 385 230 472 Pamphile
249 378 359 469 ‘qnam
381 379 505 470 largne’
536 385 641 469 inquit
660 377 775 449 ‘imber
798 383 904 448 aderit
924 373 1078 454 crastino’
1108 387 1141 448 et
1161 402 1232 466 per·

75 497 202 560 comanti
224 495 339 561 marito
362 497 417 578 qui
439 497 648 582 comperisset
669 494 766 572 istud,
794 470 962 578 respondit
984 493 1046 559 sibi
1067 494 1232 558 lucernam

74 605 258 690 praedicere.
301 605 386 688 quod
409 605 529 672 dictum
563 607 666 691 ipsius
691 605 769 670 Milo
798 605 867 671 risu
894 611 1022 671 secutus
1047 595 1252 686 ‘grandem'

20 716 167 799 relinquit
190 709 299 783 ‘istam
327 717 492 782 lucernam
520 717 679 802 Sibyllam
706 715 870 800 pascimus
898 735 981 798 quae
1010 722 1124 780 cuncta
1151 714 1233 781 caeli

45 827 192 910 enegotia
213 833 244 891 et
266 827 367 892 solem
389 827 497 912 ipsum
520 825 561 892 dc
584 826 716 912 specula
738 824 924 891 candelabri
948 816 1139 891 contuetur'

146 936 195 1002 Ad
216 937 298 1002 haec
326 957 386 1021 ego
407 936 570 1005 subiciens
595 929 695 1006 ‘sunt'
726 937 778 1002 aio
804 929 922 1023 ‘prima
942 937 1077 1003 huiusce
1104 935 1229 1002 diuina·
1250 925 1316 989 XII

73 1047 158 1114 tionis
180 1047 402 1131 experimenta
430 1067 490 1113 nec
512 1047 627 1112 mirum
648 1047 723 1113 licet
755 1046 915 1113 modicum
936 1047 1034 1112 istum
1056 1047 1232 1130 igniculum

74 1163 100 1222 et
118 1157 262 1224 manibus
285 1157 436 1226 humanis
457 1159 647 1241 laboratum,
670 1178 843 1224 memorem
859 1164 968 1224 tamen
989 1159 1077 1224 illius
1098 1157 1231 1223 maioris

74 1273 100 1332 et
125 1267 269 1334 caelestis
301 1268 387 1352 ignis
419 1270 507 1334 uelut
541 1269 591 1335 sui
625 1269 771 1354 parentis
804 1268 881 1352 quid
910 1275 996 1335 esset
1025 1267 1169 1333 editurus
1197 1268 1230 1332 in

32 1387 57 1434 11
73 1377 200 1446 aetheris
222 1378 342 1444 uertice
362 1379 474 1444 diuino
490 1381 662 1464 praesagio
685 1386 717 1446 et
738 1380 845 1464 ipsum
867 1380 950 1446 scire
972 1386 1004 1444 ct
1025 1378 1118 1445 nobis
1133 1398 1232 1444 enun-

73 1487 152 1554 tiare.
187 1509 263 1555 nam
286 1496 318 1556 ct
339 1489 485 1555 Corinthi
505 1510 591 1557 nnnc
613 1490 700 1576 apud
728 1510 789 1557 nos
810 1491 934 1575 passim
957 1488 1142 1556 Chaldaeus
1164 1489 1232 1572 qui-

73 1595 137 1664 dam
157 1598 276 1683 hospes
298 1600 388 1667 miris
411 1606 510 1665 totam
532 1601 695 1667 ciuitatem
716 1601 882 1685 responsis
909 1599 1107 1666 turbulentat
1129 1604 1162 1664 ct
1183 1619 1231 1663 ar·

73 1726 144 1774 cana
174 1709 311 1775 satorum
344 1710 482 1796 stipibus
515 1710 695 1778 emerendis
724 1711 822 1778 edicit
850 1711 885 1776 in
913 1710 1038 1794 uulgus.
1076 1710 1131 1796 qui
1160 1710 1231 1776 dies

73 1819 191 1902 copulas
214 1821 377 1904 nuptiales
389 1821 546 1904 adfirmet,
569 1823 624 1906 qui
645 1822 855 1889 fundamenta
869 1821 1032 1888 moenium
1053 1827 1230 1906 perpetuet,

32 1943 55 1991 le
73 1929 119 2012 qui
139 1929 329 2014 negotiatori
356 1933 555 2015 commodus,
590 1932 643 2017 qui
673 1933 789 1998 uiatori
818 1932 969 2012 celebris,
1003 1932 1058 2016 qui
1090 1930 1231 2015 nauigiis

73 2047 250 2124 oportunus3
280 2041 359 2107 mihi
389 2041 527 2126 denique
553 2050 745 2127 prouentum
772 2043 868 2110 huius
890 2041 1161 2128 peregrinationis
1181 2041 1231 2105 in-

72 2150 199 2231 quirenti
226 2153 328 2218 multa
355 2152 523 2237 respondit
544 2161 576 2220 et
598 2153 717 2239 oppido
746 2155 828 2219 mira
850 2160 882 2220 et
903 2153 984 2220 satis
1006 2153 1109 2217 uaria.
1145 2171 1232 2216 nunc

72 2267 147 2344 enim
167 2261 302 2346 gloriam
326 2264 405 2330 satis
427 2263 585 2348 floridam,
607 2283 693 2329 nunc
714 2263 883 2330 historiam
905 2283 1055 2347 magnam
1078 2269 1110 2327 et
1131 2262 1231 2326 incre

72 2367 201 2436 dandam
223 2373 365 2440 fabulam
387 2382 419 2440 et
440 2374 540 2442 libros
563 2393 614 2440 me
636 2374 784 2440 futurum.

31 2484 56 2536 2⁰
145 2482 194 2548 Ad
216 2484 297 2551 baec
319 2485 471 2552 renidens
493 2485 569 2551 Milo
598 2478 687 2570 ‘qua'
721 2486 826 2568 inquit
854 2478 1010 2568 ‘corporis
1042 2484 1232 2550 habitudine
1252 2480 1335 2545 XIII

71 2592 223 2671 praeditus
245 2614 350 2678 quoue
372 2596 501 2663 nominc
524 2604 726 2681 nuncupatus
750 2597 802 2662 hic
823 2598 884 2664 iste
908 2586 1092 2661 Chaldaeus
1115 2586 1201 2661 est‘?'

143 2695 322 2771 ‘Procerus’
347 2706 479 2790 inquam
499 2700 544 2773 ‘et
565 2708 768 2790 suffusculus,
791 2706 981 2791 Diophanes
1004 2697 1159 2771 nomine‘

143 2806 228 2898 ‘lpse
252 2810 316 2882 est'
339 2817 385 2883 ait
403 2812 475 2882 ‘nec
491 2819 575 2885 nllus
597 2819 692 2885 alius.
729 2838 805 2883 narn
828 2824 860 2884 et
881 2817 935 2882 hic
956 2815 1044 2900 apud
1059 2836 1119 2882 nos
1134 2817 1235 2881 multa

71 2924 166 2991 multis
189 2926 337 2993 similiter
359 2928 475 2995 effatus
497 2948 562 2993 non
584 2948 704 3013 paruas
728 2930 829 3012 stipes
851 2928 948 2993 immo
969 2908 1047 2992 uere
1069 2926 1232 2993 mercedes

31 3043 55 3094 25
71 3032 183 3115 opimas
206 3035 272 3101 iarn
295 3038 485 3105 consecutis
500 3040 660 3104 fortunam
684 3058 835 3105 scaenam
851 3059 894 3103 an
907 3057 1039 3104 saeuam
1054 3037 1163 3103 uerius
1186 3036 1232 3102 di·

70 3144 159 3211 rerim
169 3146 270 3213 miser
280 3146 401 3213 incidit.
430 3168 506 3213 nam
521 3147 574 3215 die
585 3147 725 3232 quadam
740 3168 811 3212 cum
824 3144 1000 3232 frequentis
1010 3148 1121 3233 populi
1132 3147 1232 3212 circu-

69 3252 95 3317 lo
108 3264 299 3343 consaeptus
313 3277 450 3325 coronae
465 3253 738 3326 circumstantium
748 3258 967 3341 saladonarct,
980 3256 1084 3323 Cerdo
1098 3257 1230 3341 quidam

127 3466 141 3513 1
159 3477 173 3516 e
191 3460 222 3541 irc
248 3458 358 3515 lucerne
383 3460 488 3532 scrpta
512 3459 666 3516 caecando
690 3476 774 3513 morou
798 3464 824 3513 ct
841 3476 911 3515 corr.
930 3460 985 3513 rossi
1004 3460 1095 3530 fallor
1111 3476 1149 3515 ex
1166 3476 1182 3514 o
1201 3462 1230 3513 r'o

70 3572 96 3640 F,
117 3542 225 3641 1110ng
244 3602 264 3651 φ
351 3584 364 3632 'l
383 3550 455 3634 rstnd
473 3580 499 3642 ld
517 3579 646 3635 librarius
662 3578 772 3633 uidetur
789 3578 926 3632 deleturus
942 3579 1039 3648 fursaei
1058 3579 1091 3644 F,
1113 3580 1165 3632 istri
1182 3611 1192 3631 .
1210 3600 1230 3648 φ

69 3671 124 3740 sps
139 3672 166 3727 F
275 3678 303 3727 11
325 3672 453 3727 chaldeus
469 3674 497 3727 F
537 3675 541 3709 ¹
580 3676 610 3726 12
627 3672 758 3725 cementa
781 3672 806 3724 dr
823 3672 1010 3742 archanan
1099 3677 1129 3725 11
1147 3672 1186 3726 les
1202 3674 1230 3725 irc

69 3766 190 3831 nuptiales
203 3767 335 3839 saraptam
353 3784 370 3821 a
387 3767 508 3822 secundo
524 3782 606 3820 maroc
622 3766 688 3836 [fuit
704 3772 735 3819 at
752 3765 806 3819 aid.
825 3769 957 3833 nuptiast)
975 3766 1003 3819 r'n
1021 3765 1051 3833 F,
1069 3767 1229 3835 nuptialrsp

68 3883 195 3945 lundamta
212 3918 222 3940 a
240 3889 284 3956 Fp
303 3888 341 3951 tc'ra
358 3886 383 3939 F
399 3887 456 3941 aid.
473 3887 562 3957 fuisse
580 3887 599 3951 s)
652 3881 742 3957 manib
764 3885 789 3935 F
859 3890 889 3939 19
906 3846 1006 3939 sciuri
1029 3902 1047 3939 a
1069 3900 1122 3940 ccc.
1147 3901 1230 3938 orcam

68 3996 129 4035 corr.
146 3991 175 4036 ct
191 3981 246 4037 aid
266 3976 413 4035 ecc.suturh
437 3982 465 4033 c'a
482 3980 514 4045 F,
532 3974 663 4047 suturdp
764 3982 804 4031 ’21
826 3978 953 4033 chaldeus
971 3980 993 4029 F
1081 3984 1112 4033 ‘22
1139 3977 1229 4032 sufful-

69 4073 178 4142 culusF,
198 4074 355 4141 suffulculus
376 4073 408 4139 (ff
423 4090 494 4129 corr.
512 4073 615 4129 ataid.
633 4089 670 4128 ccc
687 4088 706 4127 n
723 4076 772 4128 aut
789 4079 815 4135 u)
835 4091 854 4141 φ
912 4071 1068 4142 dyophanes
1084 4071 1111 4125 F
1194 4076 1226 4125 15

69 4167 161 4233 opimas
175 4168 292 4223 lacobus
308 4166 445 4222 deRbocr
463 4167 562 4238 (feriae
580 4166 792 4224 Daucntrr'coses
800 4166 919 4237 p.·2?6).·
937 4166 1053 4234 optimas
1068 4165 1114 4234 Fp
1156 4167 1228 4219 scae·

68 4286 130 4353 uam]
148 4286 209 4358 scus
227 4287 249 4350 rs
264 4288 293 4342 in
310 4302 365 4342 raa.
383 4304 400 4341 a
417 4286 536 4342 semonia
552 4302 635 4341 muna
652 4289 765 4359 scripta)
783 4284 817 4353 F,
836 4246 898 4340 rint
914 4305 947 4355 φ,
973 4284 1069 4339 miride
1087 4301 1122 4340 an
1140 4281 1203 4341 auc
1222 4286 1227 4353 t

68 4384 146 4436 uenus
161 4370 249 4440 drxeri
265 4374 375 4436 abducto
394 4380 421 4435 bc
440 4378 473 4448 F,
492 4398 546 4436 noa
565 4380 675 4435 r'nducso
693 4380 720 4433 ia
739 4400 758 4448 φ
841 4384 872 4433 rt
893 4380 1034 4447 conseptus
1050 4378 1078 4432 F
