2934 4900
509 229 582 276 cun.
604 229 792 276 xxm-xxv
897 239 902 248 ·
1199 213 1238 274 33

71 379 164 445 ducit.
202 378 264 445 ibis
277 399 394 464 corpus
424 379 669 464 splendentibus
697 380 807 446 linteis
836 386 1020 465 coopertum
1049 380 1239 448 introductis

71 489 260 574 quibusdam
298 497 421 574 septem
459 490 595 556 testibus
639 511 737 556 manu
773 493 896 557 reuelat
938 498 970 557 et
1005 490 1129 556 diutino
1166 491 1240 557 uisu

70 595 205 684 pcrlleto'
230 600 390 666 obtestata
417 600 481 666 fide
511 601 730 685 praesentium
760 601 889 684 singula
911 600 1110 673 demonstrat
1132 602 1238 685 anxie,
1284 687 1289 697 ἡ

68 709 166 775 uerba
183 717 339 794 concepta
361 709 401 776 dc
423 710 584 777 industria
600 712 738 795 quodam
753 711 872 778 tabulis
886 717 1109 796 praenotante.
1134 705 1236 778 ‘ecce'

39 819 169 902 5inquit
188 813 301 886 ‘nasus
323 821 463 905 integer,
487 821 662 888 incolumes
685 821 785 904 oculi,
815 823 927 888 saluae
948 841 1060 904 auree,
1083 822 1238 888 inlibatae

68 931 181 1014 labiae,
205 937 347 997 mentum
363 930 511 998 solidum.
548 952 607 1000 uos
630 933 663 997 in
679 933 764 998 banc
784 952 862 1014 rem,
884 932 961 996 boni
976 932 1127 1015 Quirites,
1151 917 1238 999 testi-

68 1042 207 1106 monium
219 1033 433 1126 perhibetote'
449 1049 561 1106 etcum
577 1042 661 1107 dicto
672 1043 871 1126 consignatis
883 1043 949 1108 illis
960 1043 1080 1108 tabulis
1095 1043 1236 1109 facessit.

149 1152 192 1216 At
214 1171 273 1235 ego
293 1143 394 1216 ‘iube'
425 1151 557 1235 inquam
582 1145 726 1219 ‘domina
749 1160 863 1218 cuncta
885 1171 968 1236 quae
991 1159 1066 1218 sunt
1088 1153 1161 1219 usui
1182 1174 1237 1219 ne·
1291 1202 1296 1227 ,

68 1261 210 1328 cessaria
233 1261 326 1328 nous
350 1253 522 1327 exhiberi?
965 1240 968 1248 ’

26 1377 52 1425 10
147 1365 203 1436 ‘At
226 1365 320 1452 quac'
344 1372 449 1457 inquit
468 1364 545 1438 ‘ista
568 1365 680 1439 sunti’
917 1462 920 1465 Ι

146 1474 321 1547 ‘Lucerna'
352 1482 404 1546 aio
431 1475 657 1567 ‘praegrandis
686 1491 720 1562 et
746 1485 851 1550 oleum
873 1483 915 1548 ad
936 1485 1041 1548 lucem
1063 1484 1127 1548 luci
1149 1483 1236 1549 suffr-

68 1593 152 1659 ciens
175 1598 208 1658 et
230 1591 336 1657 calida
358 1612 430 1674 oum
452 1592 644 1678 oenophoris
674 1600 706 1658 et
727 1595 827 1659 calice
848 1612 1063 1678 cenarumque
1090 1593 1236 1678 reliquiis

67 1701 172 1768 discus
196 1694 353 1769 ornatus’
611 1774 613 1778 ,

148 1815 241 1878 Tunc
263 1813 320 1878 illa
342 1814 448 1898 capite
471 1820 623 1896 quassato
644 1806 725 1878 ‘abi'
757 1814 861 1898 inquit
879 1807 985 1879 '‘latue
1008 1813 1063 1897 qui
1085 1813 1118 1878 in
1140 1811 1234 1878 domo
1269 1893 1271 1897 ι

26 1935 50 1981 rs
67 1923 193 1990 funesta
221 1943 318 1990 cenas
342 1930 373 1989 et
395 1930 504 2008 partes
533 1924 670 2007 requiris
698 1925 820 2008 inqua
846 1931 893 1990 tot
913 1924 999 2008 iugis
1027 1925 1091 1988 iam
1119 1922 1234 1989 diebus

66 2053 103 2096 ue
117 2033 225 2100 fumus
249 2033 379 2118 quidem
393 2034 484 2100 uisus
507 2040 556 2100 est
571 2035 664 2101 ullus.
702 2055 744 2100 an
767 2036 840 2101 istic
855 2035 1044 2100 comisatum
1058 2041 1090 2098 te
1104 2034 1235 2100 uenisse

66 2142 188 2210 credis‘l
225 2145 302 2228 quin
317 2144 417 2210 sumis
432 2144 538 2227 potius
560 2146 629 2209 loco
646 2151 859 2228 congruentes
872 2147 976 2210 luctus
999 2150 1031 2210 et
1044 2139 1233 2210 lacrimas‘l'

65 2252 142 2318 haec
165 2253 262 2320 simul
284 2254 395 2321 dicens
418 2254 560 2339 respexit
582 2255 767 2321 ancillulam
789 2261 821 2320 et
839 2247 1030 2340 ‘Myrrhine'
1054 2255 1160 2338 inquit
1178 2248 1236 2318 ‘lu-

65 2382 193 2429 cernam
221 2371 253 2429 et
280 2365 385 2429 oleum
415 2364 506 2430 trade
536 2367 702 2431 confestim
725 2373 758 2432 et
779 2366 902 2431 incluso
932 2363 1065 2430 custode
1091 2365 1235 2429 cubiculo

21 2487 50 2537 ro
66 2476 209 2557 protinus
232 2467 385 2541 facesse'
1016 2533 1021 2569 ·.

146 2585 203 2651 Sic
231 2584 395 2651 desolatus
423 2584 466 2671 ad
495 2584 664 2651 cadaueris
693 2587 847 2652 solacium
876 2586 1035 2670 perfrictis
1064 2586 1165 2651 oculis
1198 2591 1230 2651 et
1252 2585 1348 2651 XXV

67 2694 240 2760 obarmatis
255 2694 298 2759 ad
312 2695 443 2779 uigilias
458 2696 599 2761 animum
616 2716 720 2761 uncum
735 2696 973 2781 permulcebam
984 2695 1234 2762 cantationibus.

66 2824 133 2868 cum
161 2824 236 2870 ecce
267 2807 489 2890 crepusculum
519 2811 550 2871 et
571 2826 637 2869 nox
663 2812 816 2889 prouecta
845 2814 876 2871 et
897 2827 962 2871 nox
984 2807 1078 2870 altior
1105 2813 1137 2870 et
1157 2805 1234 2871 dein

65 2915 220 2979 concubia
248 2916 365 2980 altiora
387 2922 418 2980 et
439 2916 502 2979 iam
532 2936 597 2981 nox
624 2915 833 3000 intempesta,
867 2916 1009 3000 mihique
1033 2915 1151 3001 oppido
1174 2915 1235 2979 for-

21 3042 49 3091 us
65 3024 147 3089 mido
158 3026 349 3091 cumulatior
364 3024 503 3107 quidem,
520 3045 591 3089 cum
604 3032 738 3109 repente
753 3027 955 3109 introrepens
971 3026 1110 3091 mustela
1124 3030 1235 3089 contra

65 3155 111 3199 me
135 3136 279 3201 constitit
306 3142 515 3221 optutumquc
543 3136 732 3200 acerrimum
761 3137 795 3200 in
823 3156 874 3201 me
904 3135 1051 3201 destituit
1073 3142 1108 3199 ut
1128 3135 1234 3199 tantil-

65 3245 126 3309 lula
154 3245 307 3313 animalis
336 3266 415 3332 prae
444 3246 544 3311 nimia
573 3246 623 3312 sui
653 3246 771 3311 fiducia
801 3246 881 3310 mihi
912 3246 1049 3311 turbarit
1080 3246 1233 3310 animum.

64 3354 203 3440 denique
225 3356 272 3421 sic
293 3355 335 3421 ad
358 3357 449 3421 illam·
467 3350 557 3439 ‘quin
580 3351 665 3423 abis'
688 3358 820 3440 inquam
840 3352 1004 3441 ‘inputata
1018 3357 1124 3422 bestia
1137 3362 1234 3440 teque

66 3464 105 3528 ad
127 3466 175 3530 tui
199 3465 320 3533 similes
343 3467 504 3533 musculos
519 3466 668 3533 recondis
690 3474 863 3552 antequam
878 3468 980 3533 nostri
1002 3467 1067 3531 uim
1083 3485 1235 3552 praesen-

21 3576 177 3639 notariam
202 3578 403 3661 experiaris?
426 3576 503 3661 quin
526 3570 635 3644 abis‘?'

127 3791 142 3839 2
162 3782 272 3854 septem'
283 3786 391 3841 seclusit
416 3784 555 3839 Womcrus
630 3784 731 3839 drutrne
756 3786 795 3839 sic
812 3786 856 3855 Fe>
931 3787 990 3839 uisu
1010 3785 1234 3855 Oudendorpius:

65 3881 111 3932 ulu
128 3880 173 3948 Fp
227 3875 315 3933 atius
332 3880 398 3950 (suit
414 3880 526 3949 scirpula
543 3896 569 3933 rn
587 3879 798 3949 siqnificauer,
815 3866 913 3949 fides
985 3885 1016 3932 14
1033 3880 1233 3946 stoinquall-

65 3978 90 4025 to
108 3975 136 4025 in
154 3988 212 4026 rus,
232 3973 305 4038 (add.
325 3975 354 4027 iu
371 3989 458 4043 marq.
470 3974 548 4026 lautu
561 3972 593 4036 F,
612 3972 735 4041 quassato
754 3991 774 4040 φ
857 3977 887 4027 16
905 3969 1036 4043 comulatlr
1054 4003 1063 4023 ι
1082 3973 1149 4041 (fuit
1166 3973 1185 4031 b
1211 3972 1239 4023 F

65 4067 235 4135 comelutup
323 4070 353 4119 ts
373 4065 513 4135 myrrhene
530 4064 559 4118 F
647 4070 677 4118 21
699 4064 731 4117 sit
749 4065 793 4134 Fp
869 4066 1036 4135 pfmctrlculr.
1057 4067 1101 4119 led
1118 4066 1150 4128 F,
1168 4064 1233 4134 pirr-

66 4184 167 4237 ctrlculr
187 4185 210 4251 l,
229 4202 316 4256 supro
333 4184 426 4239 addito
446 4183 611 4253 fugiuntur,
630 4189 656 4237 et
670 4184 698 4238 tn
716 4186 840 4255 murpr‘nc
857 4185 1017 4255 pirrctrlcuh
1038 4186 1043 4254 l
1061 4147 1085 4238 d
1115 4182 1236 4253 pincatrl

64 4277 183 4346 ocuhlp
245 4278 418 4332 '24a1t1ora
443 4272 497 4332 etrd
522 4278 607 4332 sicF
696 4282 728 4331 29
747 4277 791 4346 nd]
811 4295 842 4333 sc
860 4280 903 4348 Fp
979 4277 1100 4332 maculol
1116 4294 1186 4332 corr.
1206 4279 1234 4330 r'n

63 4369 194 4424 molculol
210 4372 237 4425 in
256 4370 288 4437 F,
306 4371 482 4441 malcullolp

110 4464 232 4505 Arvnmvs
1013 4460 1029 4510 3
