2934 4900
529 250 602 298 one.
625 249 735 296 1-1111
896 254 899 263 ·
1178 236 1222 298 99

135 399 226 464 Tune
248 400 375 485 Psyche
403 400 506 486 pedes
535 402 605 469 eius
638 401 792 467 aduoluta
819 409 851 468 et
877 401 969 467 uberi
1001 401 1079 467 fletu
1111 402 1224 484 rigans

55 510 130 576 deae
152 511 292 594 uestigia
313 510 509 595 humumque
538 532 671 605 uerrens
694 513 837 578 crinibus
861 510 929 578 suis
951 512 1129 596 multiiugis
1151 533 1222 597 pre·

55 622 140 688 cibus
170 621 272 687 editis
303 622 433 688 ueniam
465 624 651 707 postulabat
681 618 758 709 ‘per
787 643 847 706 ego
869 629 901 687 te
923 623 1111 706 frugiferam
1133 629 1243 700 tuam¹
1337 636 1341 644 ’

53 732 214 798 dexteram
237 733 332 800 istam
355 731 526 817 deprecor,
556 753 615 819 per
636 734 794 800 laetificas
816 733 972 800 messium
995 733 1220 816 caerimonias,

27 863 105 926 sper
127 844 225 908 tacita
248 849 373 910 secreta
395 844 547 910 cistarum
563 851 595 910 et
607 865 666 929 per
681 845 873 909 famulorum
895 851 1020 908 tuorum
1044 843 1218 908 draconum

53 954 183 1036 pinnata
204 954 363 1018 enrricula
385 959 416 1018 et
438 954 554 1035 glebae
577 955 705 1022 Siculae
734 954 915 1021 sulcamina
944 960 977 1020 et
1012 973 1140 1019 currum
1168 973 1219 1018 ra-

54 1083 160 1147 pacem
184 1071 215 1130 et
237 1072 355 1130 terram
377 1071 524 1146 tenacem
548 1071 580 1130 et
602 1065 830 1130 inluminarum
854 1064 1068 1148 Proserpinae
1098 1062 1223 1129 nubtia-

55 1196 118 1238 rum
141 1173 328 1239 demeacula
350 1182 381 1240 et
408 1175 642 1240 luminosarum
671 1175 759 1256 filiae
789 1174 1010 1239 inuentionum
1039 1175 1222 1239 remeacula

55 1293 83 1348 et
103 1291 210 1350 cetera
232 1305 317 1377 quae
340 1284 468 1378 silentio
483 1285 571 1369 tegit
591 1285 757 1352 Eleusinis
771 1285 897 1350 Atticae
919 1284 1105 1362 sacrarium,
1130 1284 1221 1348 mise·
1327 1363 1329 1368 Ι

18 1427 41 1476 to
58 1394 172 1460 rendae
194 1395 338 1478 Psyches
360 1395 504 1476 animae,
540 1395 695 1482 supplicis
717 1402 807 1478 tuae,
831 1394 983 1461 subsiste.
1020 1394 1104 1458 inter
1125 1394 1221 1459 istam

57 1506 210 1588 spicarum
233 1506 416 1589 congeriem
438 1512 550 1590 patere
573 1506 626 1570 uel
647 1507 802 1590 pauculos
823 1504 894 1570 dies
924 1503 1111 1570 delitescam
1135 1501 1221 1587 quod

57 1615 129 1680 deae
152 1623 263 1682 tantae
286 1617 437 1682 saeuiens
467 1617 516 1680 ira
545 1616 650 1701 spatio
678 1615 834 1699 temporis
864 1615 1024 1698 mitigetur
1053 1615 1106 1678 uel
1135 1619 1221 1678 certe

56 1745 140 1792 meae
163 1727 251 1792 uires
274 1726 397 1792 diutino
420 1726 532 1792 labore
554 1727 660 1814 iessae
682 1726 798 1808 quietis
821 1726 992 1791 interuallo
1015 1715 1197 1790 leniantur.³

133 1837 276 1921 Suscipit
299 1836 396 1903 Ceres
427 1830 510 1902 ‘tuis
539 1836 668 1920 quidem
696 1837 878 1903 lacrimosis
908 1835 1057 1920 precibus
1081 1841 1113 1900 et
1134 1854 1219 1898 com·
1240 1832 1288 1897 llI

19 1971 41 2020 tt
57 1967 177 2011 moneor
200 1954 231 2010 et
254 1947 405 2030 opitulari
428 1946 522 2031 cupio
546 1946 604 2012 sed
626 1953 781 2029 cognatae
802 1966 912 2029 meae,
943 1965 1016 2012 eum
1038 1966 1103 2029 qua
1124 1945 1222 2009 etiam

49 2057 160 2124 loedus
183 2057 349 2140 antiquum
365 2039 527 2123 amicitiae
543 2059 622 2139 colo,
645 2057 751 2122 bonae
765 2048 935 2142 praeterea
948 2056 1087 2121 feminae
1102 2055 1222 2119 malam

58 2168 188 2249 gratiam
211 2167 320 2233 subire
342 2186 476 2250 nequeo.
502 2167 621 2232 decede
643 2168 752 2252 itaque
774 2168 815 2234 de
837 2147 909 2233 istis
924 2166 1060 2233 aedibus
1076 2165 1222 2251 protinus

57 2285 84 2341 et
104 2277 189 2364 quod
210 2297 231 2344 a
252 2297 303 2343 me
325 2284 452 2344 retenta
473 2278 695 2361 custoditaque
718 2299 783 2343 non
806 2279 904 2343 tueris
927 2277 1040 2362 optimi
1063 2265 1219 2341 consule.³

135 2387 258 2473 Contra
280 2408 371 2474 spem
394 2409 486 2456 suam
509 2389 639 2475 repulsa
660 2389 786 2475 Psyche
810 2395 842 2455 et
863 2387 984 2453 afflicta
999 2386 1122 2472 duplici
1137 2405 1222 2451 mae

19 2522 42 2571 pp
58 2498 138 2565 stitia
161 2499 222 2565 iter
245 2508 419 2566 retrorsum
442 2500 612 2586 porrigens
635 2500 718 2566 inter
741 2499 886 2566 subsitae
901 2498 1062 2564 conuallis
1085 2496 1222 2563 subluci·

58 2608 123 2674 dum
146 2611 252 2675 lucum
275 2610 429 2695 prospicit
450 2611 559 2676 fanum
583 2612 703 2677 sollerti
726 2611 850 2676 fabrica
871 2615 1025 2675 structum
1039 2627 1100 2672 neo
1122 2607 1220 2670 ullam

59 2721 104 2784 uel
139 2720 271 2786 dubiam
308 2721 378 2804 spei
415 2721 558 2787 melioris
590 2722 677 2786 uiam
710 2723 824 2786 uolens
857 2720 1003 2784 omittere
1038 2717 1096 2783 sed
1130 2716 1221 2781 adire

58 2832 277 2913 cuiuscumque
310 2830 362 2895 dei
395 2831 543 2907 ueniam,
586 2832 719 2921 sacratis
757 2830 880 2895 foribus
919 2829 1088 2914 proximat.
1133 2826 1222 2890 uidet

58 2938 135 3003 dona
157 2940 301 3026 pretiosa
323 2946 354 3005 et
375 2941 510 3007 lacinias
532 2961 611 3005 auro
633 2942 793 3007 litteratas
822 2940 921 3005 ramis
949 2938 1101 3029 arborum
1123 2936 1221 3020 posti-

20 3068 43 3119 15
59 3049 175 3135 busque
199 3050 344 3132 suffixae,
368 3070 451 3133 quae
473 3070 543 3114 cum
566 3052 672 3134 gratia
694 3051 770 3115 facti
790 3068 908 3115 nomen
925 3049 1007 3114 deae
1022 3048 1073 3111 cui
1095 3048 1221 3111 fuerant

59 3158 157 3225 dicata
178 3161 387 3229 testabantur.
418 3168 492 3225 tunc
514 3180 598 3245 genu
620 3162 699 3226 nixa
720 3167 752 3225 et
772 3160 922 3225 manibus
945 3179 1035 3223 aram
1057 3162 1220 3240 tepentem

59 3272 201 3355 amplexa
222 3270 359 3337 detersis
382 3279 457 3336 ante
479 3270 620 3341 lacrimis
643 3272 690 3337 sic
711 3271 904 3355 adprecatur

133 3376 261 3465 ‘Magni
284 3381 370 3446 louis
391 3401 547 3465 germana
570 3388 601 3447 et
622 3382 760 3465 coniuga
782 3380 852 3447 siue
874 3386 909 3443 tu
930 3378 1034 3460 Sami,
1059 3396 1142 3469 quae
1164 3396 1217 3460 ge·
1238 3376 1303 3440 llII

58 3492 122 3554 rula
142 3497 236 3576 partu
258 3491 434 3574 uagituque
456 3498 488 3556 et
509 3491 662 3557 alimonia
690 3498 748 3556 tua
774 3489 945 3574 gloriatur,
973 3496 1064 3553 tenes
1093 3495 1221 3553 uetusta

20 3598 248 3673 1111111111-
270 3601 339 3666 siue
368 3604 474 3667 celsae
497 3600 703 3685 Carthaginis
733 3620 817 3685 quac
844 3608 875 3665 te
904 3600 1061 3683 uirginem
1091 3603 1223 3663 nectura

118 3872 133 3919 9
150 3866 222 3920 elcut
237 3864 309 3919 rnhrl
324 3862 356 3928 F,
375 3863 466 3919 eleul'i
482 3862 557 3933 lntp
627 3858 745 3917 sacrani
761 3860 918 3930 mrlelrande
928 3859 1039 3913 traducta
1056 3858 1122 3913 11111Ὶ
1188 3861 1216 3910 11

59 3982 299 4049 depascendis.
326 3980 585 4048 sdeletacsselF
670 3984 698 4033 13
717 3980 803 4049 meost
821 3978 865 4033 rei
886 3978 923 4044 F,
946 3940 1100 4045 meemretp
1187 3980 1220 4030 16

58 4074 126 4130 11111
140 4078 167 4132 F
250 4080 280 4128 17
299 4072 349 4147 git
367 4071 390 4137 l*
410 4074 472 4129 add.
490 4090 588 4128 monus
604 4074 732 4138 secanda)
751 4073 780 4126 F
845 4074 878 4126 de
894 4072 1009 4148 deletam
1027 4073 1056 4125 r'a
1074 4069 1105 4134 F,
1128 4086 1180 4123 om.
1200 4088 1220 4137 φ

62 4173 86 4221 18
103 4176 196 4240 optime
215 4170 259 4239 Fp
346 4172 377 4223 21
403 4152 558 4224 ciomruero
582 4167 668 4222 deleto
692 4153 724 4221 cd
743 4166 772 4221 F
835 4171 867 4220 24
885 4166 936 4237 hec
953 4182 971 4219 a
983 4166 1078 4235 primo
1097 4162 1219 4227 11111111.)

59 4304 131 4341 rocca
148 4306 216 4347 corr.
236 4291 264 4343 ic
283 4294 310 4343 et
327 4288 359 4355 F,
376 4286 395 4341 11
413 4306 432 4358 φ
520 4291 551 4341 25
570 4248 619 4342 sah
637 4286 665 4341 F
746 4290 778 4340 28
797 4300 866 4355 quae
888 4284 980 4353 gerula
998 4280 1129 4337 Iahnius:
1155 4295 1220 4351 que·

58 4382 109 4438 rula
125 4384 154 4450 F,
170 4384 285 4455 r‘prulap

984 4464 1015 4513 ἶ*
