2934 4900
579 227 651 277 car.
673 228 821 302 riu-frui
1244 215 1280 274 21

196 380 286 448 Haec
307 399 431 448 mecum
453 380 644 466 Byrrhaena
665 382 745 450 satis
768 382 876 447 anxia.

196 492 239 557 At
260 511 320 573 ego
342 491 486 560 curiosus
508 491 652 576 alioquin
674 499 709 558 ut
728 494 867 577 primum
883 494 963 560 artis
986 493 1141 578 magicae.
1154 512 1281 576 semper
1302 489 1349 554 VI

103 610 256 688 optatum
283 621 401 669 nomen
430 602 557 686 audiui,
587 609 710 670 tantum
733 625 754 670 a
775 605 900 670 cautela
922 606 1109 691 Pamphiles
1139 607 1227 672 abfui
1249 614 1284 672 ut

102 716 210 782 etiam
224 715 306 780 ultro
328 714 481 797 gestirem
495 714 561 780 tali·
576 715 762 798 magisterio
777 736 829 781 me
851 715 964 784 uolens
985 717 1180 802 amplarum
1203 737 1283 784 mer-

65 832 81 880 5
102 825 190 892 cede
203 824 331 890 tradere
354 830 386 890 et
406 846 538 910 prorsus
561 825 594 891 in
617 826 722 911 ipsum
738 826 926 892 barathrum
948 829 1033 894 saltu
1055 830 1178 894 concito
1193 847 1283 914 prae-

102 937 255 1022 cipitare.
293 935 429 1002 festinus
462 935 601 1020 denique
629 942 661 1002 et
689 955 802 1002 uecors
835 937 933 1002 animi
966 959 1064 1003 manu
1096 940 1167 1006 eius
1194 941 1283 1008 uelut

102 1053 226 1114 catena
254 1045 395 1130 quadam
415 1029 542 1114 'memet
571 1043 707 1131 expedio
738 1053 770 1112 et
794 1040 912 1114 ‘salue‘
942 1069 1080 1133 propere
1107 1049 1217 1117 addito
1239 1052 1282 1117 ad

100 1157 240 1224 Milonis
274 1155 449 1241 hospitium
481 1157 654 1242 perniciter
684 1158 787 1223 euolo.
832 1178 871 1223 ac
902 1157 978 1225 dum
1012 1162 1132 1228 amenti
1166 1163 1281 1229 similis

101 1269 214 1334 celero
238 1246 411 1350 uestigium
430 1259 518 1349 ‘age’
550 1268 681 1352 inquam
702 1261 733 1333 ‘o
755 1269 849 1353 Luci,
879 1269 1000 1353 euigila
1022 1277 1054 1336 et
1075 1277 1178 1338 tecum
1201 1280 1280 1350 esto.

50 1388 81 1436 10
102 1377 213 1444 habes
242 1384 427 1462 exoptatam
457 1378 676 1445 occasionem:
706 1399 747 1445 ex
769 1386 843 1444 uoto
872 1379 996 1447 diutino
1017 1382 1139 1465 poteris
1161 1382 1280 1449 tabulis
1318 1399 1320 1402 ·

101 1489 237 1556 miseris
253 1488 384 1572 explere
399 1495 522 1572 pectus.
560 1489 651 1555 auter
666 1488 855 1557 formidines
870 1490 1021 1574 pueriles,
1045 1491 1188 1558 cominus
1207 1512 1278 1556 curn

101 1621 142 1666 re
167 1601 241 1684 ipsa
261 1600 388 1664 nauiter
410 1598 605 1683 congredere
627 1606 659 1664 et
680 1620 700 1663 a
721 1620 807 1666 nexu
830 1600 960 1683 quidem
988 1602 1119 1667 uenerio
1140 1602 1279 1686 hospitis

99 1717 183 1776 tuae
215 1717 358 1794 tempera
387 1716 419 1776 et
446 1709 540 1794 probi
562 1709 691 1776 Milonis
719 1710 883 1793 genialem
910 1718 1013 1776 torum
1035 1712 1206 1796 religiosus
1229 1733 1279 1787 suf

101 1821 213 1905 spice:
250 1839 362 1886 uerum
391 1820 476 1886 enim
500 1840 576 1886 uero
598 1820 688 1888 Fotis
711 1821 832 1886 famula
858 1826 985 1903 petatur
1007 1822 1111 1887 enixe.
1148 1842 1224 1888 nam
1246 1828 1280 1889 et

48 1933 212 1997 reforma
239 1930 354 1997 scitula
375 1938 407 1996 et
429 1931 571 1997 moribus
600 1928 725 1996 ludicra
754 1937 786 1996 et
807 1951 937 2016 prorsus
960 1933 1109 2016 argutula
1131 1940 1190 1999 est.
1227 1951 1279 1998 ue·

99 2042 195 2126 speri
224 2059 350 2126 quoque
379 2048 450 2106 cum
479 2061 591 2108 somno
619 2041 828 2124 concederes,
858 2048 890 2107 et
911 2042 945 2107 in
970 2042 1151 2108 cubiculum
1172 2049 1203 2107 te
1225 2043 1279 2108 de·

100 2151 200 2216 duxit
214 2152 346 2218 comiter
367 2158 399 2216 et
419 2150 539 2217 blande
560 2151 676 2217 lectulo
692 2153 861 2218 colloeauit
882 2158 915 2218 et
936 2153 1016 2219 satis
1039 2159 1185 2218 amanter
1206 2171 1295 2218 coo.

101 2263 215 2348 peruit
237 2268 268 2328 ct
289 2263 432 2329 osculato
454 2269 508 2326 tuo
531 2263 635 2346 eapite
657 2283 753 2347 quam
775 2263 879 2327 inuita
893 2263 1074 2330 discederet
1094 2250 1184 2344 uultu
1206 2283 1278 2348 pro·

101 2371 199 2455 didit,
223 2372 362 2457 denique
385 2392 485 2459 saepe
507 2379 647 2440 retrorsa
669 2372 848 2459 respiciens
871 2374 1021 2441 substitit.
1059 2373 1144 2459 quod
1159 2374 1277 2438 bonum

43 2494 78 2543 ao
99 2484 183 2549 felix
216 2491 247 2550 et
281 2485 420 2551 faustum
454 2484 562 2568 itaque
593 2483 669 2551 licet
701 2486 842 2551 salutare
876 2505 942 2550 non
977 2485 1053 2567 erit,
1092 2480 1184 2553 Fotis
1220 2486 1278 2551 illa

98 2586 301 2679 temptetur.'

189 2705 278 2771 Haec
299 2724 423 2771 mecum
445 2706 517 2789 ipse
539 2703 709 2790 disputans
731 2706 817 2771 tores
838 2705 968 2771 Milonis
996 2704 1115 2771 accedo
1138 2712 1171 2771 ct
1192 2705 1278 2789 quod
1298 2696 1356 2764 Vll

98 2817 196 2882 aiunt
230 2814 368 2901 pedibus
400 2816 435 2881 in
469 2816 662 2881 sententiam
693 2835 798 2881 meam
826 2815 921 2880 uado.
966 2835 1034 2881 nec.
1054 2822 1162 2882 tamen
1191 2816 1279 2881 domi

99 2927 258 2991 Milonem
292 2926 345 2992 uel
375 2946 506 2993 uxorem
542 2925 611 2992 cius
640 2925 767 2991 offendo
797 2925 855 2993 sed
883 2931 1008 2991 tantum
1033 2945 1144 3014 caram
1172 2946 1277 2992 meam

45 3052 77 3101 25
99 3036 269 3103 Fotidem:
300 3036 366 3103 suis
388 3037 526 3121 parabat
547 3036 672 3102 uiscum
694 3035 800 3100 fartim
824 3034 985 3116 concisum
1009 3040 1040 3100 et
1061 3038 1193 3120 pulpam
1216 3037 1278 3101 iru-
1341 3073 1345 3078 -

99 3146 214 3214 statim
230 3153 410 3213 consectam
433 3154 465 3211 et
486 3148 622 3212 abacum
644 3166 768 3230 pascua
785 3146 969 3211 iurulentae
990 3152 1022 3210 et
1043 3146 1129 3229 quod
1144 3146 1278 3214 naribus

98 3259 169 3323 iam
184 3256 262 3325 inde
277 3257 448 3339 ariolabar,
470 3264 628 3323 tuccetum
643 3276 798 3341 perquam
814 3254 1066 3341 sapidissimum.
1102 3256 1176 3341 ipsa
1189 3256 1277 3323 linea

173 3517 319 3587 tbyrrena
336 3517 361 3569 F
398 3518 427 3571 r'rr
445 3532 528 3571 amna
539 3518 680 3587 posterior
702 3516 766 3569 aia
782 3530 837 3569 rar.
856 3516 884 3568 r'a
901 3516 931 3579 F,
950 3530 1069 3583 anxias>
1143 3519 1274 3571 tatem.

97 3612 131 3662 F¹
220 3614 322 3679 3ap:
342 3610 376 3665 ad
409 3610 459 3664 sed
475 3609 621 3665 induetad
643 3610 668 3660 F
718 3608 783 3663 affui
806 3610 830 3659 F
848 3612 883 3670 tet
900 3624 971 3662 corr.
1002 3610 1030 3662 r'rr
1047 3609 1170 3678 aufurlp
1258 3615 1274 3664 4

96 3723 163 3797 apli
186 3730 218 3793 F,
236 3730 298 3797 apia
315 3749 342 3798 pr¹
433 3723 578 3783 bbaratrti
594 3728 619 3779 F
705 3721 829 3781 taddrt'a
847 3727 886 3791 tl,
903 3676 1016 3795 adituro
1102 3733 1222 3783 troam.
1240 3730 1311 3780 F‘·

99 3828 131 3876 ro
151 3838 185 3877 ex
203 3822 395 3878 Burmannus:
412 3821 436 3877 de
452 3823 477 3874 F
547 3826 574 3874 lt
594 3821 695 3875 mrerrt
710 3821 750 3875 sic
766 3821 819 3889 Fer,
835 3818 909 3873 minii
924 3822 1039 3875 corriecit
1055 3820 1272 3889 Oudendorpr'rra

96 3916 209 3971 Milesiis
225 3916 382 3971 Beroaldus
442 3914 520 3970 anter
537 3934 571 3984 p:
590 3912 719 3969 aufertF
790 3918 820 3967 13
837 3912 943 3981 relrgrol
957 3915 988 3965 F*
1047 3919 1077 3967 14
1095 3920 1170 3981 uero}
1188 3931 1271 3985 puero

94 4014 125 4079 tp
143 4026 264 4065 cornere
281 4009 308 4069 bt
326 4010 358 4074 li,
376 4039 386 4061 .
403 4008 470 4079 (fait
486 4014 514 4078 p)
533 4022 596 4062 uero
615 4027 644 4077 φ,
662 4024 698 4061 aa
715 4006 825 4075 uespero
843 4006 1032 4061 scribendam?
1094 4013 1126 4062 20
1144 4008 1234 4077 photil
1248 4010 1275 4059 F

96 4108 129 4157 25
149 4103 202 4157 run
218 4122 252 4171 qr:
273 4087 315 4161 tui
334 4102 480 4175 ruirpulam
497 4101 603 4157 addidit
619 4116 716 4154 marrus
732 4101 875 4166 recentior)
893 4102 917 4152 F
950 4100 1065 4155 domimi
1080 4109 1142 4155 ante
1157 4101 1274 4171 parabat

94 4197 161 4251 add.
180 4196 274 4267 culpo,
291 4214 343 4251 cm.
360 4198 405 4266 Fp
456 4182 533 4251 urion*
542 4196 572 4261 F,
590 4195 666 4249 urion
682 4214 715 4263 p:
733 4195 837 4248 rtrcrum
853 4194 966 4249 coniecit
985 4192 1096 4249 Vossius
1164 4198 1196 4249 26
1214 4210 1270 4249 am-

93 4290 273 4360 bacupallcut
296 4290 430 4346 iurulenta
446 4291 476 4355 F,
501 4288 613 4343 ambacu
630 4289 728 4357 pascue
752 4288 887 4341 iurulenta
909 4307 944 4356 p:
969 4287 1044 4358 qaod
1059 4287 1146 4357 porei
1164 4289 1270 4359 partim

94 4392 147 4440 uet.
167 4383 228 4441 edd.
246 4382 376 4439 exhibent
