2934 4900
480 241 554 322 ese.
575 241 803 290 axum-xxx
842 276 843 281 ,
1110 201 1115 209 ’
1162 229 1222 306 115
1252 283 1264 302 ,

57 401 236 476 ctorumque
251 391 335 462 stilis
352 391 442 460 rudis
456 393 698 476 perpetuabitur
709 393 847 461 historia
859 387 966 460 ‘asino
980 401 1109 462 uectore
1130 395 1222 476 uirgo
1313 484 1315 488 ι

58 503 143 586 regia
164 504 290 586 fugiens
313 495 561 586 captiuitatem„³
586 504 722 571 accedes
743 505 886 588 antiquis
901 513 933 570 et
954 506 1032 590 ipse¹
1047 504 1221 577 miraculis

58 614 149 678 etiam
161 612 326 682 credemus
339 614 488 696 exemplo
510 620 585 678 tuae
600 615 748 692 ueritatis
770 622 802 680 et
815 616 981 700 Phryxum
1003 616 1096 681 arieti
1111 635 1226 698 super·

56 729 182 789 natasse
205 729 237 788 et
257 722 409 804 Arionem
432 723 621 809 delphinum
654 725 854 806 gubernasse
875 733 907 791 et
935 705 1101 811 Europam
1129 733 1226 791 tauro·

31 833 296 917 roupercubasse.
334 832 420 914 quod
442 834 470 900 si
491 853 568 900 uere
590 834 713 917 Iupiter
734 836 873 918 mugiuit
891 836 927 900 in
957 836 1084 917 bouem,
1117 841 1227 920 potest

56 945 84 1007 in
120 943 212 1009 asino
249 963 320 1008 meo
356 935 457 1009 latere
494 939 595 1026 aliqui
631 945 684 1009 uel
719 945 828 1011 uultus
864 946 1016 1036 hominis
1038 948 1090 1011 uel
1122 945 1225 1033 iacies

57 1045 210 1119 deorum'

134 1165 221 1232 Dum
243 1164 324 1230 haec
361 1162 536 1230 identidem
565 1165 674 1246 puella
696 1166 831 1247 replicat
852 1166 1001 1249 uotisque
1023 1165 1151 1231 crebros
1173 1165 1222 1230 in·

56 1275 213 1341 termiscet
233 1274 416 1358 suspiritus,
439 1273 482 1338 ad
504 1273 665 1355 quoddam
688 1275 896 1358 peruenimu's
919 1275 1048 1340 trinium
1064 1275 1150 1340 unde
1171 1295 1223 1341 mc

20 1401 42 1450 te
56 1384 184 1468 adrepto
207 1385 348 1468 capistro
364 1383 503 1468 dirigere
519 1383 721 1450 dextrorsum
737 1405 933 1470 magnopere
954 1385 1115 1468 gestiebat
1136 1385 1223 1468 qood
1328 1364 1331 1376 ¹

57 1494 94 1558 ad
115 1495 260 1578 parentis
282 1494 352 1560 eius
377 1513 417 1560 ea
440 1495 564 1561 scilieet
584 1495 685 1561 iretur
706 1496 771 1560 uia.
794 1495 854 1562 sed
868 1515 929 1580 ego
943 1517 1064 1578 gnarus
1080 1496 1223 1562 latrones

56 1603 124 1670 illac
146 1603 189 1670 ad
211 1606 353 1689 reliquas
376 1625 575 1672 commeasse
595 1604 753 1690 praedas,
784 1606 948 1671 renitebar
969 1607 1103 1672 firmiter
1123 1614 1222 1690 atque

16 1717 41 1783 s]
56 1714 95 1779 sic
129 1716 164 1780 in
199 1715 312 1782 animo
344 1735 414 1782 meo
451 1717 568 1782 tacitus
606 1716 851 1800 expostulabam
876 1709 974 1800 ‘quid
1002 1717 1081 1781 facis
1108 1716 1222 1782 infelix

56 1827 179 1912 puella?
204 1826 281 1910 quid
305 1827 399 1908 agis?
424 1846 480 1891 eur
501 1827 636 1892 festinas
659 1827 701 1892 ad
718 1826 858 1892 Orcum?
880 1826 958 1911 quid
980 1827 1062 1892 meis
1084 1825 1223 1909 pedibus

19 1937 40 1984 ¹5
56 1939 153 2004 faeere
176 1935 369 2004 contendis?
384 1943 389 1956 '
405 1952 470 2002 non
504 1937 588 2001 enirn
617 1945 648 2002 te
676 1944 802 2002 tantum
823 1957 936 2002 uerum
958 1937 1055 2002 etiam
1076 1956 1129 2002 me
1151 1955 1221 2020 per-

56 2048 151 2113 ditum
173 2044 261 2114 ibis?¹
294 2047 343 2114 sic
376 2067 435 2112 nos
467 2046 599 2114 diuersa
628 2047 799 2113 tendentes
827 2055 859 2113 et
887 2048 922 2112 in
944 2067 1043 2113 causa
1067 2046 1161 2111 finali·
1179 2045 1221 2111 de
1254 2064 1256 2071 ’

55 2159 244 2242 proprietate
267 2159 328 2224 soli
350 2158 447 2224 immo
475 2160 549 2222 uiae
578 2157 811 2223 herciscundae
843 2157 1074 2223 contendentes
1096 2155 1222 2240 rapinis

57 2269 117 2334 suis
145 2269 254 2335 onusti
290 2287 397 2334 coram
435 2267 680 2353 deprehendunt
715 2268 781 2352 ipsi
812 2269 955 2334 latrones
987 2275 1018 2332 et
1052 2267 1096 2332 ad
1124 2268 1221 2335 lunae

57 2379 254 2463 splendorem
287 2380 352 2444 iam
379 2377 456 2443 inde
485 2378 613 2461 longius
636 2379 781 2463 cognitos
807 2379 877 2444 risu
904 2378 1050 2462 maligno
1070 2378 1221 2443 salutant.

18 2494 41 2545 lt
56 2497 83 2553 et
102 2502 185 2556 unus
208 2510 226 2555 e
248 2509 381 2555 numere
404 2490 450 2555 sic
478 2490 623 2573 appellat
652 2481 824 2573 ‘quorsum
852 2490 949 2581 istam
978 2489 1221 2555 festinantiae
1242 2493 1339 2557 XXX

16 2634 17 2641 κ
57 2600 143 2683 stigio
165 2599 344 2665 lucubratis
367 2600 454 2663 uiam
476 2618 536 2665 nec
565 2598 668 2665 noctis
697 2598 912 2683 intempestae
939 2600 1054 2667 Manes
1080 2601 1223 2665 Laruas-

56 2729 111 2790 que
132 2709 337 2777 formidatis?
361 2716 394 2774 at
416 2715 460 2791 tu,
484 2708 678 2791 probissima
700 2711 819 2792 puella,
836 2718 988 2794 parentes
1002 2717 1075 2775 tuos
1090 2708 1223 2775 interni-

56 2839 120 2885 sere
142 2820 365 2905 properabas?
403 2818 461 2886 sed
483 2838 542 2885 nos
566 2826 598 2884 et
620 2818 787 2885 solitudini
808 2828 885 2886 tuae
906 2820 1106 2905 praesidium
1128 2838 1223 2902 prae-

57 2931 206 2997 stabimus
244 2938 276 2995 et
308 2929 350 2995 ad
383 2936 535 3013 parentes
566 2935 637 2995 tuos
677 2929 739 2995 iter
775 2921 1043 2997 monstrabimus’
1076 2936 1108 2993 et
1140 2949 1223 2993 unus

17 3040 40 3097 2⁵
56 3061 147 3105 nanu
176 3048 304 3107 secutus
333 3041 494 3124 prehenso
516 3040 583 3104 loro
600 3045 788 3105 ‘retrorsum
816 3061 867 3106 me
895 3040 1142 3123 circumtorquet
1162 3056 1224 3103 nec

56 3148 157 3217 baculi
179 3150 295 3216 nodosi
319 3150 404 3231 quod
426 3151 559 3234 gerebat
581 3150 679 3215 suetis
703 3149 822 3217 ictibus
836 3158 1003 3235 temperat.
1026 3156 1102 3215 tunc
1117 3150 1222 3231 ingra-

55 3260 92 3323 tis
112 3261 154 3325 ad
176 3268 358 3345 promptum
387 3280 555 3327 recurrens
572 3260 705 3325 exitium
728 3261 917 3327 reminiscor
939 3260 1060 3327 doloris
1083 3261 1223 3343 ungulae

57 3377 84 3433 et
105 3372 227 3455 occipio
251 3377 377 3435 nutanti
400 3372 506 3455 eapite
528 3370 719 3436 claudicare.
755 3372 813 3437 scd
832 3364 941 3437 ‘ecoe'
965 3372 1071 3455 inquit
1092 3371 1146 3435 ille
1167 3371 1224 3454 qui

58 3499 103 3545 me
124 3488 303 3547 retraxerat
321 3475 462 3547 ‘rursum
490 3480 611 3546 titubas
640 3488 671 3546 et
699 3482 859 3548 uacillas‘?
898 3489 929 3547 et
957 3460 1067 3565 putres
1096 3482 1150 3558 isti
1176 3481 1223 3546 tui

17 3594 40 3642 30
56 3590 151 3671 pedes
173 3592 283 3673 fugere
298 3598 443 3674 pessunt,
468 3592 633 3655 ambulare
648 3592 821 3657 nesciunt?
844 3599 878 3657 at
899 3594 1088 3680 pauloante
1108 3592 1223 3674 pinna-

55 3708 113 3765 tam
136 3702 254 3788 Pegasi
277 3701 430 3767 uincebas
453 3694 677 3766 celeritatem)

135 3812 220 3875 Dum
244 3812 289 3876 sic
311 3831 434 3876 meeum
457 3812 573 3877 fustem
597 3810 749 3893 quatiens
772 3811 932 3893 benignus
960 3813 1083 3875 iocatur
1106 3830 1223 3891 comes,

57 3959 337 3972 Q-..n—-un

122 4061 238 4130 trudis]
262 4062 329 4130 iugis
347 4064 464 4118 coniecit
488 4062 520 4116 dc
537 4062 617 4133 Roop
640 4061 777 4133 spicilcpii
794 4079 827 4133 p.
852 4065 885 4114 45
960 4042 986 4114 =3
1005 4057 1077 4115 trrxd
1098 4062 1123 4112 F
1207 4066 1224 4115 4

57 4138 146 4235 elnone
164 4188 189 4244 (e
207 4149 384 4234 addebamus
402 4176 566 4241 secundare
635 4176 770 4249 delphinis,
788 4180 852 4236 add.
870 4182 899 4235 ia
916 4183 1097 4252 morqincna
1115 4180 1143 4233 F
1208 4184 1224 4231 6

57 4270 106 4339 aliq
121 4273 160 4327 sic
177 4272 210 4337 F,
228 4272 335 4343 ahpdp
398 4276 464 4325 Δ28
483 4289 584 4342 occrpro
602 4304 612 4326 s
631 4275 694 4337 (aid.
713 4274 952 4343 foissesoccrprpo)
970 4274 1016 4343 Fe
1110 4277 1142 4327 29
1159 4272 1224 4327 bac·

59 4363 128 4417 cullas
144 4366 185 4434 Fp
204 4366 231 4431 (b
251 4373 319 4420 corr.
339 4367 367 4419 a'a
399 4384 417 4421 u
435 4384 451 4419 a
469 4366 587 4421 secundo
604 4383 686 4421 macc
705 4368 733 4419 io
751 4373 781 4436 qr)

988 4453 1019 4503 S*
