2934 4900
517 225 589 272 oar.
613 173 782 272 uuir—nu
1121 229 1126 241 ·
1195 209 1235 270 63
1275 211 1282 223 ’

56 397 153 457 nere,
177 397 218 444 ne
241 377 348 443 stillae
370 378 539 461 sanguinis
560 378 732 464 uestigium
756 378 938 462 proderent,
961 383 1102 443 ceterum
1124 376 1238 440 Lama·

58 489 160 552 chum
190 489 307 572 raptim
340 497 550 574 reportamus.
601 509 639 554 ac
669 497 737 554 turn
768 488 885 572 trepidi
915 489 1056 572 regionis
1088 506 1238 571 urgemur

59 599 157 681 graui
173 599 312 664 tumultu
333 605 366 664 et
387 599 537 666 instantis
552 599 688 684 periculi
709 606 796 665 metu
811 607 966 665 terremur
988 599 1031 664 ad
1046 599 1155 681 fugam
1177 616 1237 661 nec

61 711 116 774 uel
141 709 234 792 sequi
255 727 393 794 propere
415 710 467 774 uel
489 728 656 776 remanere
678 717 747 775 tuto
769 716 875 794 potest
896 710 946 774 uir
968 708 1116 775 sublimis
1139 706 1238 793 animi

32 831 44 878 a
62 819 258 903 uirtutisque
280 818 473 930 praecipuus
496 821 604 886 multis
626 840 685 886 nos
708 819 872 886 adfatibus
894 820 1067 903 multisque
1090 818 1239 902 precibus

64 950 206 1014 querens
229 928 419 995 adhortatur
440 949 498 1014 per
520 929 686 996 dexteram
702 931 824 1010 Martis,
847 929 1024 1015 perfidem
1046 929 1241 996 sacramenti

64 1042 187 1107 bonum
210 1040 458 1106 commilitonem
481 1041 622 1106 cruciatu
645 1040 741 1106 simul
763 1048 795 1106 et
816 1041 1004 1126 captiuitate
1018 1040 1238 1106 liberaremus.

67 1172 122 1216 cur
145 1150 231 1216 enim
254 1171 351 1216 manu
374 1171 456 1234 quae
484 1171 599 1236 rapere
622 1157 652 1216 et
674 1151 787 1217 iuuare
809 1154 879 1218 sola
900 1159 1027 1236 posset,
1060 1151 1174 1216 fortem
1195 1151 1241 1216 la-

67 1270 192 1328 tronem
208 1262 441 1345 superuiuere?
477 1268 528 1327 sat
551 1281 586 1327 se
608 1261 738 1326 beatum
756 1264 812 1346 qui
832 1281 930 1327 manu
953 1262 1042 1328 socia
1056 1263 1169 1326 uolens
1192 1281 1241 1326 oe
1345 1341 1352 1354 .

13 1389 50 1436 ro
69 1371 241 1436 cumberet.
279 1391 414 1456 cumque
435 1372 516 1448 nulli
537 1379 682 1439 nostrum
706 1373 854 1455 spontale
870 1371 1076 1456 parricidium
1100 1370 1241 1438 suadens

68 1468 266 1567 persuadere
287 1490 411 1568 posset,
442 1503 539 1548 mauu
562 1483 685 1566 reliqua
708 1490 870 1567 sumptum
891 1482 1035 1566 gladium
1059 1504 1152 1548 suum
1172 1481 1241 1546 diu-

70 1613 132 1677 que
148 1593 366 1660 deosoulatum
389 1613 447 1677 per
469 1593 610 1658 medium
628 1599 741 1678 pectus
762 1593 826 1658 ictu
849 1594 1023 1660 fortissimo
1038 1593 1241 1676 transadigit.

69 1715 146 1768 tunc
174 1725 234 1771 nos
263 1704 463 1788 magnanimi
491 1703 582 1770 ducis
611 1705 723 1787 uigore
754 1711 906 1769 uenerato
935 1723 1051 1789 corpus
1084 1704 1242 1787 reliquum

69 1815 222 1882 uestitum
249 1815 348 1881 linteo
376 1814 549 1898 diligenter
577 1815 780 1885 conuolutum
808 1815 890 1879 mari
917 1814 1087 1879 celandum
1115 1815 1242 1878 commi-

16 1933 48 1980 ¹··'·
71 1927 183 1992 simus.
218 1933 250 1990 et
271 1945 356 1991 nunc
378 1926 462 1991 iacet
484 1931 594 1990 noster
609 1924 792 1991 Lamachus
815 1927 973 1991 elemento
997 1931 1063 1990 toto
1086 1925 1241 2010 sepultus.

156 2036 197 2100 Et
218 2036 273 2100 ille
295 2035 424 2120 quidem
447 2035 579 2119 dignum
603 2035 775 2100 uirtutibus
798 2034 865 2101 suis
887 2036 974 2100 uitae
996 2035 1167 2100 terminum
1187 2056 1242 2117 po-
1264 2041 1329 2106 XII

70 2147 144 2212 suit.
181 2147 265 2212 enim
294 2165 371 2212 uero
398 2146 541 2212 Alcimus
572 2144 757 2212 sollertibus
784 2147 906 2230 coeptis
934 2145 1109 2212 secundum
1137 2165 1243 2210 secum

68 2260 218 2323 fortunae
232 2263 344 2322 nutum
366 2277 432 2321 non
452 2256 556 2340 potuit
578 2254 747 2322 adducere.
787 2255 841 2340 qui
863 2276 934 2320 curn
950 2255 1138 2323 dormientis
1160 2277 1243 2323 anus

69 2369 232 2455 perfracto
259 2367 420 2453 tuguriolo
449 2366 692 2434 conscendisset
719 2349 900 2431 cubiculum
935 2367 1085 2451 superius
1115 2366 1244 2450 iamque

16 2493 48 2539 2⁰
68 2481 219 2565 protinus
253 2478 366 2547 oblisis
396 2478 541 2544 faucibus
569 2478 819 2561 interstinguere
847 2497 920 2543 eam
943 2476 1123 2558 debuisset,
1153 2478 1243 2561 prius

68 2591 187 2657 maluit
209 2610 316 2673 rerum
339 2589 467 2673 singula
495 2608 553 2673 per
574 2589 722 2654 latiorem
755 2589 927 2654 fenestram
950 2588 1127 2654 forinsecus
1149 2589 1244 2655 nobis

70 2703 197 2771 scilicet
211 2700 370 2785 rapienda
385 2698 583 2784 dispergere.
621 2718 758 2782 cumque
774 2700 840 2763 iarn
862 2706 976 2764 cuncta
991 2719 1097 2763 rerum
1118 2699 1246 2763 nauiter

70 2813 223 2879 emolitus
251 2829 310 2875 nec
333 2817 401 2875 toro
425 2808 554 2893 quidem
583 2809 730 2875 aniculae
760 2808 954 2892 quiescentis
984 2828 1117 2893 parcere
1139 2811 1245 2889 uellet,
1337 2888 1341 2898 1

69 2942 177 3008 eaque
206 2921 322 2986 lectulo
350 2940 408 2985 suo
437 2919 589 2986 deuoluta
618 2926 741 2985 uestem
770 2920 945 3007 stragulam
976 2917 1165 2984 subductam
1188 2921 1247 2985 sci-

18 3038 48 3085 25
68 3037 149 3100 licet
169 3033 291 3097 iactare
314 3031 461 3097 similiter
484 3030 674 3110 destinaret,
705 3028 843 3112 genibus
871 3029 941 3093 eius
970 3028 1103 3113 profusa
1125 3030 1172 3095 sic
1193 3050 1245 3095 ne·
1311 3099 1316 3109 ¹

8 3150 50 3216 rs]
68 3145 233 3230 quissima
254 3143 312 3206 illa
333 3140 522 3225 deprecatur
541 3134 632 3223 ‘quid
655 3159 729 3221 oro,
753 3140 816 3221 fili,
838 3140 1048 3224 paupertinas
1071 3160 1248 3223 pannosas·

68 3277 136 3341 que
159 3253 304 3319 resculas
327 3251 525 3318 miserrimae
546 3271 628 3316 anus
648 3250 751 3316 donas
774 3249 888 3316 uicinis
910 3249 1081 3331 diuitibus,
1114 3270 1248 3333 quorum

66 3368 156 3431 haec
184 3364 327 3430 fenestra
355 3361 484 3427 domum
513 3354 703 3446 prospicit?'
745 3381 807 3444 quo
836 3379 983 3426 sermone
1012 3360 1142 3427 callido.
1158 3361 1249 3427 dece-

67 3486 151 3561 ptus
172 3481 247 3540 astu
269 3480 302 3539 et
323 3493 400 3537 uera
423 3492 505 3557 qnae
521 3472 607 3537 dicta
630 3480 703 3537 suut
725 3471 860 3537 credens
875 3471 1028 3553 Alcimus,
1051 3491 1168 3538 uerens
1190 3473 1249 3537 sci-

20 3602 48 3641 :u
67 3588 150 3652 licet
171 3603 213 3649 ne
235 3590 267 3649 et
295 3603 350 3665 ea,
384 3604 467 3667 quae
494 3583 584 3668 prius
615 3583 748 3648 miserat
775 3600 921 3665 quaeque
950 3588 1063 3665 postea
1091 3583 1248 3679 missurus

148 3840 299 3899 tlamatbri
316 3844 344 3897 F
409 3843 576 3911 trebgromf
592 3844 620 3896 F
709 3835 820 3910 urguein
839 3840 867 3893 F
955 3845 1082 3895 sinuare
1102 3842 1136 3910 f:
1155 3844 1251 3897 rubare

68 3942 100 4001 F,
119 3938 284 4006 rugularep
356 3940 386 3989 14
404 3944 422 3988 u
440 3939 468 3989 ia
486 3938 583 3989 uestitu
600 3954 618 3991 o
635 3936 755 3991 secundo
772 3952 855 3989 mmm
872 3936 1004 4005 cereptum
1023 3936 1051 3987 ia
1069 3935 1101 4001 F,
1119 3937 1213 3990 ueftrte
1231 3956 1250 4005 φ

66 4036 158 4087 lintea
175 4032 219 4099 Fp
308 4035 337 4083 15
356 4030 490 4083 lamatbuf
505 4029 533 4083 F
616 4034 643 4083 11
663 4030 784 4112 Alcimus
800 4030 914 4099 scripsi:
931 4023 1029 4081 alcuni
1046 4028 1074 4081 F
1127 4028 1213 4096 ceptrf
1228 4028 1256 4082 F

69 4152 223 4209 secundum
240 4151 357 4221 scripsi:
376 4143 410 4203 ed
427 4148 470 4217 Fp
564 4111 624 4203 fccvb
641 4168 675 4217 p:
703 4144 812 4254 feudis*
896 4150 925 4199 18
942 4142 1011 4219 nutis
1028 4147 1068 4200 sic
1085 4146 1129 4215 Fp
1203 4147 1287 4200 ad·-

69 4274 174 4326 ducere
192 4254 231 4325 sia
248 4268 292 4339 Fp
379 4273 411 4322 22
431 4265 527 4322 sorbo&
544 4269 583 4321 sic
600 4267 629 4320 F
711 4270 743 4319 30
761 4265 874 4321 m1furuf
890 4279 913 4324 tr
930 4264 992 4319 odd,
1011 4281 1107 4319 manus
1123 4264 1251 4329 secundat

67 4364 99 4429 F,
119 4363 285 4432 mlsfuruip
362 4368 364 4373 '
