2934 4900
217 237 234 294 4
741 249 832 294 maru
854 249 867 293 1

150 397 195 462 Vl
304 400 386 468 Ecce
403 401 558 468 Socraten
580 401 842 468 contubernalem
858 419 963 466 meum
986 400 1160 486 conspicio.
1197 399 1286 464 humi
1302 398 1399 466 sede·
1463 410 1464 463 l

220 510 273 576 bat
289 510 409 576 scissili
424 512 592 597 palliastro
609 512 826 578 semiamictus
840 529 945 597 paene
960 511 1044 577 alius
1059 512 1166 577 lurore
1181 510 1224 575 ad
1239 511 1398 577 miseram

216 620 351 685 maciem
381 619 577 688 deformatus
599 622 710 708 qualia
737 623 842 688 solent
863 622 1010 688 fortunae
1033 621 1206 687 deterrima
1235 621 1335 706 stipes
1358 621 1398 685 in
1463 632 1464 658 ³

215 730 321 796 triuiis
344 751 487 814 erogare.
524 731 610 798 buno
632 733 729 799 talem
752 751 947 816 quamquam
974 731 1192 799 necessarium
1214 738 1247 797 et
1269 751 1397 798 summe

216 841 378 924 cognitum
407 848 515 907 tamen
545 841 646 908 dubia
676 853 782 909 mente
804 842 937 927 propius
959 842 1093 908 accessi.
1127 835 1229 907 ‘hem'
1259 841 1432 926 inquam5

214 944 272 1014 ‘mi
288 952 438 1051 Socrates
454 951 532 1036 quid
553 952 664 1019 istud?
688 972 772 1037 quae
793 953 917 1019 facies?
940 951 1026 1036 quod
1047 951 1229 1037 flagitium?
1266 959 1299 1017 at
1314 972 1397 1018 uero
1463 1026 1464 1029 Ἴ

217 1060 304 1126 domi
326 1068 401 1128 tuae
423 1063 488 1128 iam
511 1063 647 1130 defletus
671 1071 703 1129 et
724 1063 944 1130 conclamatus
967 1083 1020 1145 es,
1049 1063 1161 1130 liberis
1183 1063 1248 1129 tuis
1270 1068 1397 1129 tutores

216 1170 346 1237 iuridici
367 1173 576 1258 prouincialis
598 1172 726 1240 decreto
749 1172 826 1255 dati,
850 1193 930 1238 uxor
952 1173 1125 1258 persolutis
1147 1173 1302 1240 feralibus
1325 1173 1398 1238 offi-
1463 1212 1464 1261 l

217 1281 276 1348 ciis
297 1283 384 1348 luctu
407 1290 439 1348 et
460 1303 604 1350 maerore
626 1283 776 1349 diuturno
799 1284 978 1349 deformata
998 1283 1131 1350 diffletis
1147 1304 1252 1369 paene
1275 1283 1317 1348 ad
1339 1303 1398 1349 ex·
1463 1368 1464 1371 Ἴ

216 1399 352 1460 tremam
380 1393 598 1479 captiuitatem
628 1395 728 1460 oculis
758 1395 826 1460 suis
854 1394 969 1460 domus
997 1394 1204 1459 infortunium
1233 1413 1395 1459 nouarum
1419 1382 1464 1462 ro3

217 1503 401 1588 nuptiarum
428 1502 556 1587 gaudiis
578 1523 600 1568 a
621 1505 689 1571 suis
718 1504 781 1571 sibi
803 1504 991 1590 parentibus
1019 1503 1158 1570 hilarare
1180 1504 1397 1589 compellitur.
1463 1550 1464 1561 r

217 1619 250 1678 at
280 1605 315 1678 tu
348 1612 400 1678 hic
430 1614 553 1680 laruale
585 1615 792 1681 simulacrum
823 1634 895 1679 oum
927 1635 1051 1682 summo
1088 1613 1246 1681 dedecore
1282 1620 1397 1680 nostro
1463 1682 1464 1685 ,

217 1715 361 1790 uiseris.'

300 1825 529 1899 ‘Aristomene'
562 1833 666 1918 inquit
692 1826 767 1899 ‘nae
789 1841 824 1900 tu
845 1835 1044 1901 fortunarum
1071 1834 1213 1902 lubricas
1235 1833 1397 1916 ambages
1417 1876 1464 1952 [μή

218 1948 248 2008 ot
269 1943 439 2010 instabiles
461 1943 663 2010 incursiones
691 1951 723 2010 et
751 1945 932 2031 reciprocas
966 1945 1207 2012 uicissitudincs
1228 1935 1394 2028 ignorasl'
1419 1958 1445 2005 rs

219 2030 343 2119 etcum
373 2051 458 2118 dicto
482 2054 569 2120 sutili
599 2056 788 2121 centunculo
818 2056 932 2122 taciem
956 2076 1049 2123 suam
1070 2056 1136 2121 iam
1158 2053 1278 2120 dudum
1301 2055 1398 2139 puni-

217 2171 344 2228 cantem
359 2184 437 2248 prae
459 2164 582 2248 pudore
598 2165 721 2231 obtexit
735 2166 782 2230 ita
803 2173 837 2231 ut
858 2166 900 2231 ab
917 2166 1068 2231 umbilico
1090 2165 1269 2249 pubetenus
1286 2171 1398 2230 cetera

218 2273 361 2359 corporis
392 2273 573 2340 renudaret.
611 2294 671 2340 nec
699 2274 839 2358 denique
866 2295 1041 2360 perpessus
1069 2282 1217 2358 egotam
1239 2278 1397 2341 miserum

217 2403 391 2451 aerumnae
415 2385 633 2471 spectaculum
656 2385 776 2452 iniecta
798 2406 896 2452 manu
916 2392 952 2452 ut
974 2384 1129 2469 adsurgat
1150 2385 1265 2451 enitor.
1299 2436 1303 2443 .

140 2488 201 2552 VH
306 2495 349 2561 At
376 2495 431 2561 ille
458 2503 493 2561 ut
526 2503 595 2562 erat
623 2497 728 2582 capite
755 2498 862 2563 uelato
892 2490 977 2563 ‘sine
1005 2488 1089 2563 sine'
1124 2495 1229 2580 inquit
1259 2489 1399 2560 ‘fruatur
1417 2503 1446 2551 ‘20

219 2604 340 2671 diutius
362 2611 494 2691 tropaeo
516 2607 660 2673 Fortuna
683 2607 769 2692 quod
791 2607 861 2673 fixit
883 2599 982 2693 ipsa’

303 2716 403 2781 Effeci
418 2723 572 2799 sequatur
593 2724 625 2783 et
647 2718 744 2786 simul
758 2737 856 2782 unam
878 2738 896 2784 e
919 2716 1044 2785 duabus
1058 2716 1186 2782 laciniis
1209 2715 1290 2781 meis
1310 2735 1398 2780 exuo

218 2845 354 2910 eumque
369 2846 506 2912 propere
528 2829 631 2893 uestio
647 2828 754 2909 dicam
765 2847 808 2892 an
827 2834 971 2911 contego,
995 2832 1027 2892 et
1048 2828 1122 2893 ilico
1136 2827 1267 2891 lauacro
1289 2826 1396 2911 trado,

217 2936 303 3021 quod
324 2937 434 3002 unctui
456 2938 541 3021 quod
571 2938 671 3005 tersui
699 2939 770 3021 ipse
792 2937 1032 3023 praeministro,
1065 2937 1207 3003 sordium
1230 2955 1397 3003 enormem
1461 2913 1462 2932 ¹

218 3048 356 3113 eluuiem
379 3048 655 3134 operose'etliioo,
678 3049 779 3135 probe
801 3057 911 3114 curato
933 3048 976 3114 ad
998 3048 1172 3132 hospitium
1192 3047 1299 3112 lassus
1321 3046 1399 3131 ipse
1417 3056 1444 3105 25

218 3158 387 3242 fatigatum
416 3159 594 3242 aegerrime
617 3159 781 3225 sustinens
813 3158 969 3243 perduco,
1002 3158 1119 3223 lectulo
1149 3158 1289 3238 refoueo,
1320 3155 1398 3221 cibo

218 3268 311 3346 satio,
327 3268 441 3352 poculo
456 3270 576 3353 mitigo,
592 3268 710 3334 fabulis
725 3267 918 3354 permulceo.
948 3268 1014 3331 iam
1030 3266 1217 3332 adlubentia
1240 3266 1398 3351 procliuis

220 3384 269 3445 est
283 3378 441 3444 sermonis
464 3385 496 3444 et
516 3379 579 3444 ioci
602 3382 654 3458 [et]
677 3379 793 3445 scitum
816 3378 867 3458 [et]
890 3379 1050 3462 cauillum‚
1074 3377 1140 3443 iam
1156 3378 1311 3444 dicacitas
1333 3378 1397 3441 tin·
1460 3381 1461 3396 ³

219 3489 305 3571 nula,
335 3507 406 3553 cum
435 3488 490 3555 ille
517 3489 581 3554 imo
610 3488 651 3555 de
679 3495 808 3575 pectore
836 3488 1042 3555 cruciabilem
1064 3487 1251 3572 suspiritum
1272 3486 1396 3554 ducens

219 3596 334 3663 dextra
360 3599 524 3665 saeuiente
552 3600 689 3665 frontem
717 3598 913 3684 replaudens
939 3594 1004 3665 ‘me
1026 3591 1194 3665 miserum'
1228 3597 1299 3663 infit
1323 3591 1395 3679 ‘qui
1417 3600 1444 3649 30

218 3707 294 3773 dum
315 3708 513 3792 uoluptatem
539 3709 725 3794 gladiatorii
756 3709 929 3794 spectaculi
963 3709 1044 3775 satis
1065 3707 1298 3791 famigerabilis
1321 3727 1396 3773 con-

288 3929 303 3979 2
323 3926 400 3981 lcrlrh
413 3928 442 3999 ¹F
523 3930 539 3981 8
556 3928 705 3997 purncralel
720 3929 746 3980 F
830 3926 942 3997 prolutrl
956 3924 1084 3995 ferrallrb3
1102 3924 1128 3977 F
1213 3928 1244 3978 10
1261 3923 1300 3978 ad
1316 3924 1395 3991 dom3

219 4018 283 4073 add.
301 4019 330 4073 al
344 4028 424 4075 remu
439 4020 463 4092 f
528 4025 558 4075 14
575 4020 639 4091 qu
657 4022 724 4075 ner*
794 4025 825 4075 17
843 4020 958 4075 rmbrlrco
969 4036 1040 4075 corr.
1059 4019 1088 4072 ia
1105 4017 1224 4073 unbrlrco
1242 4017 1346 4071 ataid.
1367 4019 1397 4071 r'n

219 4115 244 4165 F
314 4117 345 4167 19
362 4109 391 4166 liu
407 4115 436 4169 r'o
454 4110 608 4183 spectaculi
624 4115 653 4169 r'o
669 4130 725 4170 ras.
743 4115 875 4186 coaptum
892 4131 910 4168 α
926 4129 980 4169 sec.
997 4128 1069 4166 marr.
1087 4112 1150 4166 iar
1230 4114 1263 4164 20
1280 4109 1344 4179 rnqd
1362 4113 1397 4164 F'

220 4210 250 4260 21
269 4206 382 4276 tropheo
393 4206 421 4261 F
487 4211 520 4261 24
536 4208 676 4277 ῖΐιιιιιρΐθ
693 4210 793 4280 (potest
799 4206 956 4277 fur'sscllF
1011 4209 1043 4259 25
1063 4188 1152 4259 οΙιιωὲ
1169 4205 1209 4259 sir
1226 4206 1258 4269 ll,
1276 4204 1399 4259 rlluurem

220 4299 304 4371 culpo
407 4304 440 4355 28
459 4304 487 4354 ct
503 4300 544 4355 bis
568 4300 668 4356 seclusi
683 4302 845 4373 (posteriore
870 4300 929 4355 loco
948 4299 985 4354 elt
1012 4297 1105 4370 culpo)
1208 4296 1315 4351 tinnula
1344 4296 1400 4353 Oa-
1458 4339 1459 4356 t

220 4392 397 4464 dendorpr'us:
413 4392 507 4449 trmrda
524 4395 557 4460 F,
575 4394 679 4449 tumida
696 4392 782 4461 uulgo
1382 4437 1386 4444 .
