2934 4900
325 249 398 298 car.
422 250 642 298 uxxr-xxxu
663 252 756 298 muru
776 252 817 298 111
838 252 911 302 cm.
934 254 1018 302 1-11
1221 237 1261 300 39

545 539 813 606 nruuu1u
915 623 918 629 ¹

173 721 384 789 Commodum
406 725 634 812 punieantibus
656 725 799 811 phaleris
810 726 942 809 IAurora
963 746 1089 793 roseum
1111 727 1260 811 quatiens
1281 731 1298 796 I

83 834 241 898 lacertum
275 836 397 900 caelum
431 835 634 920 inequitabat
662 843 694 902 et
721 857 773 903 me
802 856 934 903 securae
967 838 1066 921 quieti
1097 838 1260 904 reuulsum

89 963 157 1010 nox
186 943 253 1010 diei
283 944 434 1011 reddidit.
477 955 587 1014 aestus
617 945 743 1012 inuadit
770 947 912 1012 animum
940 947 1093 1040 uesperni
1115 946 1261 1013 recorda-

45 1066 62 1115 5
82 1055 173 1121 tione
195 1055 356 1137 facinoris,
393 1056 585 1141 complicitis
607 1055 745 1141 denique
767 1057 905 1142 pedibus
928 1077 968 1123 ac
988 1057 1138 1143 palmulis
1161 1059 1195 1123 in
1217 1058 1261 1122 al-

83 1171 199 1231 ternas
228 1166 399 1250 digitorum
427 1166 668 1234 uicissitudines
697 1187 795 1253 super·
822 1187 929 1252 genua
957 1168 1088 1234 conexis
1118 1167 1164 1235 sic
1187 1187 1261 1252 gra-

86 1276 198 1341 batum
222 1277 338 1344 cossim
368 1277 515 1346 insidens
544 1277 682 1342 ubertim
703 1277 831 1360 flebam,
860 1279 926 1343 iam
954 1277 1055 1343 forum
1078 1285 1110 1344 et
1130 1277 1260 1360 iudicia,

87 1387 156 1450 iam
178 1387 381 1469 sententiam,
403 1388 511 1473 ipsum
532 1388 672 1472 denique
694 1388 875 1453 carnificem
898 1387 1180 1472 imaginabundus.
1217 1407 1260 1454 an

84 1496 168 1562 mihi
181 1497 361 1582 ’quisquam
382 1504 449 1563 tam
470 1499 556 1563 mitis
578 1505 707 1584 tamque
729 1499 899 1565 beniuolus
921 1498 1018 1564 iudex
1040 1497 1185 1581 obtinget
1205 1499 1261 1583 qui

26 1623 63 1671 ro
84 1628 137 1673 mc
161 1609 266 1674 trinae
289 1607 399 1675 caedis
422 1626 533 1673 cruore
558 1608 714 1694 perlitum
737 1615 769 1675 et
789 1616 836 1674 tot
857 1609 974 1673 ciuium
998 1608 1157 1694 sanguiue
1180 1607 1261 1674 dcli-

83 1719 197 1783 butum
219 1718 421 1784 innocentem
451 1719 660 1804 pronuntiare
689 1720 828 1804 poterit?
864 1719 950 1785 hanc
977 1720 1066 1784 illam
1088 1718 1168 1784 mihi
1191 1720 1260 1802 glo·

82 1830 206 1894 riosam
239 1830 530 1914 peregrinationem
563 1830 630 1895 fore
662 1828 846 1895 Chaldaeus
878 1829 1067 1914 Diophanes
1099 1828 1260 1909 obstinate

81 1927 304 2024 praedicabat.
342 1938 423 2004 haec
450 1939 626 2006 identidem
654 1959 779 2004 meeum
807 1940 968 2025 replicans
994 1941 1140 2006 fortunas
1169 1958 1259 2004 meas

81 2049 259 2115 eiulabam.
303 2051 390 2134 quati
413 2051 505 2117 fores
535 2049 693 2116 interdum
723 2058 755 2115 et
782 2050 942 2134 frequenti
970 2051 1110 2115 clamore
1141 2050 1258 2114 ianuae

24 2183 58 2231 15
80 2165 216 2226 nostrae
238 2161 407 2245 perstrepi.

169 2271 237 2334 Nec
259 2291 350 2335 mora
371 2290 442 2336 cum
464 2291 583 2354 magna
604 2270 787 2355 inruptione
804 2270 973 2357 patefactis
995 2270 1132 2336 aedibus
1153 2271 1253 2354 magi·
1274 2270 1306 2334 ll

80 2379 239 2448 stratibus
256 2399 429 2467 eo1umque
444 2382 601 2448 ministris
617 2387 649 2447 et
670 2381 783 2447 turbae
798 2381 1025 2447 miscellaneae
1047 2387 1162 2446 cuncta
1176 2399 1259 2445 oom-

78 2493 173 2576 pleta
195 2492 367 2576 statimque
389 2494 518 2559 lictores
546 2492 609 2558 duo
639 2472 680 2558 de
711 2493 805 2559 iussu
835 2491 1078 2576 magistratuum
1112 2492 1259 2557 immissa

78 2622 184 2667 manu
205 2602 333 2669 trahere
356 2623 407 2668 me
430 2622 510 2669 sane
531 2623 596 2668 non
617 2602 807 2668 renitentem
830 2601 1000 2686 occipiunt.
1037 2621 1076 2666 ac
1098 2600 1173 2666 dum
1195 2602 1260 2687 pri·

20 2728 57 2777 20
78 2732 173 2777 mum
196 2712 399 2797 angiportum
421 2712 615 2793 insistimus,
648 2714 757 2778 statim
784 2713 899 2779 ciuitas
922 2711 1026 2778 omnis
1047 2712 1082 2776 in
1103 2712 1257 2796 populum

79 2823 192 2889 effusa
214 2822 296 2887 mira
317 2822 476 2889 densitate
505 2843 563 2889 nos
591 2822 780 2906 insequitur.
817 2829 849 2887 et
878 2840 1072 2905 quamquam
1095 2821 1200 2907 capite
1222 2823 1257 2887 in

78 2942 215 3013 terram,
238 2933 334 2997 immo
357 2932 398 2997 ad
421 2933 509 3017 ipsos
520 2932 644 2998 Interes
666 2932 732 2996 iam
754 2932 877 2997 deiecto
899 2938 1042 2999 maestus
1063 2930 1256 3010 incederem,

1 3062 55 3131 130]
78 3044 253 3127 obliquato
274 3049 381 3107 tamen
405 3048 536 3127 aspectu
559 3062 625 3107 rem
648 3041 872 3108 admirationis
900 3042 1062 3107 maximae
1083 3042 1256 3127 conspicio.

74 3175 160 3221 nam
182 3153 265 3217 inter
291 3159 338 3218 tot
359 3152 449 3217 milia
476 3152 587 3237 populi
615 3151 880 3219 circumsedentis
908 3171 1004 3217 nemo
1031 3170 1178 3235 prorsum
1201 3151 1257 3232 qui

20 3287 52 3336 25
73 3284 148 3331 non
171 3263 239 3329 risu
272 3262 506 3347 dirumperetur
544 3261 665 3328 aderat.
701 3261 832 3327 tandem
855 3262 1028 3347 pererratis
1050 3262 1168 3346 plateis
1192 3281 1258 3326 om-

72 3375 179 3441 nibus
209 3384 241 3437 et
269 3373 303 3437 in
332 3372 461 3438 modum
489 3392 613 3453 eorum,
648 3374 702 3456 qui
731 3373 920 3441 lustralibus
949 3372 1122 3459 piamentis
1150 3372 1257 3438 minas
1303 3375 1306 3383 '

74 3489 305 3572 portentorum
317 3483 432 3550 hostiis
445 3482 705 3549 circumforaneis
716 3483 857 3568 expiant,
875 3482 1107 3549 circumductus
1123 3483 1257 3566 angula·

149 3837 376 3907 2ponreont1buf
392 3836 432 3902 Id,
451 3836 616 3905 punicantrb;
635 3855 655 3904 φ
732 3840 748 3889 6
767 3836 875 3890 conexrf
892 3835 1026 3900 (lineolam
1045 3833 1107 3889 add.
1126 3849 1257 3887 ructare-

71 3933 196 3990 ceutc'ort
216 3931 244 3984 F
292 3926 451 3999 tgrabattb
468 3930 497 3983 F
544 3916 648 3983 'leoffi
667 3928 760 3997 55ch
815 3932 845 3982 12
864 3928 1028 3983 chaldeuff
1082 3932 1116 3981 14
1133 3922 1258 3997 herulaqt

70 4029 101 4081 F
107 4032 121 4089 (
124 4024 179 4080 sed
196 4024 234 4093 cf.
247 4024 287 4088 le,
301 4024 332 4076 18
332 4027 348 4091 )
419 4028 450 4077 tl
470 4018 831 4091 circumsedentifrtm’rqula
843 4027 945 4075 toletum
959 4026 1048 4084 mara)
1058 4022 1089 4085 F,
1116 4019 1257 4075 circumfe-

71 4118 169 4175 dentrf
184 4106 214 4185 qb,
233 4117 470 4185 circumloquentis
488 4118 602 4171 calefecit
621 4115 738 4179 Colur'us,
756 4113 965 4169 circumfluentis
983 4113 1124 4174 Pricaeua
1142 4114 1257 4167 circnm-

69 4210 203 4268 cedentis
228 4208 359 4276 Wcssr'us,
377 4208 586 4263 circumsidentis
599 4207 816 4278 Oudendorpr'ua
835 4207 1076 4276 circumstrepentis
1093 4204 1258 4261 Hildcbrao·

70 4307 140 4361 clius
237 4306 268 4355 25
293 4318 321 4355 rr
338 4304 367 4356 r'o
392 4302 536 4371 pererratrf
556 4303 583 4355 bt
601 4317 656 4354 rao.
681 4307 707 4354 ct
724 4318 793 4355 corr.
819 4302 847 4354 iu
865 4300 897 4364 F,
914 4301 1028 4369 perrctrf
1049 4320 1069 4367 φ
1162 4302 1194 4353 26
1212 4300 1258 4368 qni

73 4394 320 4453 Ht'ldebrandt‘tts:
338 4395 381 4465 qb;
400 4397 443 4464 Fq
