2934 4900
208 205 247 265 22
720 221 813 266 arear
835 220 861 266 11

187 373 305 468 [tunica
319 372 473 438 mundule
498 373 615 438 amicta
637 378 669 438 ct
686 391 800 438 russea
823 371 965 438 fasceola
986 371 1189 457 praenitente
1204 369 1376 437 altiuscule

197 484 257 551 sub
279 485 370 568 ipsas
392 483 533 569 papillas
557 483 754 548 succinctula
782 480 863 547 illud
884 481 1039 548 cibarium
1060 483 1228 549 uasculum
1250 481 1376 549 floridis
1462 468 1463 501 r

195 594 349 678 palmulis
378 594 504 660 rotabat
532 592 567 659 in
596 592 751 658 circulum
780 599 811 657 et
833 592 867 658 in
889 592 976 660 orbis
1005 592 1142 659 flexibus
1165 593 1279 659 crebra
1301 613 1375 659 suc·
1462 596 1463 607 ’

198 706 321 772 cutiens
337 711 369 771 et
391 704 486 770 simul
507 704 652 770 membra
674 723 734 770 sua
757 702 871 768 leniter
886 702 1086 770 inlubricans
1108 704 1225 770 lumbis
1249 705 1374 772 sensim

197 815 400 881 uibrantibus
416 815 543 900 spinam
558 813 708 881 mobilem
724 813 874 897 quatiens
889 813 1027 898 placide,
1051 812 1201 880 decenter
1216 813 1373 880 undabat.
1396 834 1413 881 5

197 927 259 993 isto
281 932 415 1010 aspectu
437 923 560 992 defixus
583 924 734 1009 obstupui
758 931 790 991 et
812 923 1023 991 mirabundus
1046 925 1136 1008 steti,
1161 931 1316 991 steterunt
1339 933 1373 991 et

197 1035 356 1118 membra,
385 1054 468 1119 quae
490 1035 641 1102 iacebant
662 1040 749 1101 ante.
787 1040 818 1098 et
839 1033 969 1101 tandem
992 1033 1036 1100 ad
1058 1036 1147 1102 iliam
1166 1029 1277 1120 ‘quam
1299 1037 1374 1121 pnl-

194 1145 270 1213 ohre
292 1164 451 1228 quamque
473 1137 602 1213 festiue'
634 1146 766 1230 inquam
786 1138 888 1211 ‘Fotis
911 1163 998 1226 mea,
1028 1145 1157 1211 ollulam
1179 1147 1277 1217 iotam
1299 1166 1373 1211 cum

149 1320 155 1332 ,
193 1257 323 1324 natibus
345 1256 535 1340 intorques?
565 1277 661 1340 quam
690 1255 845 1321 mellitum
873 1257 1072 1340 pulmentum
1100 1259 1263 1342 apparas?
1292 1256 1375 1322 felix
1398 1271 1458 1332 [riti

195 1373 226 1433 et
248 1375 334 1429 certo
357 1366 474 1432 certius
498 1365 612 1432 beatus
636 1365 687 1430 cui
709 1365 896 1450 permiseris
920 1366 997 1432 illuc
1018 1366 1154 1450 digitum
1177 1359 1376 1450 intingerei‘.
1399 1386 1428 1434 ro

278 1479 370 1541 Tunc
391 1477 450 1540 illa
471 1475 581 1562 lepida
604 1475 748 1560 alioquin
772 1482 804 1541 et
826 1475 972 1541 dicacula
993 1478 1103 1562 puella
1133 1469 1291 1544 ‘discede’
1321 1477 1374 1542 in·

194 1587 263 1671 quit
287 1579 426 1652 ‘miselle
456 1603 552 1670 quam
580 1588 691 1672 procul
714 1607 734 1651 a
758 1605 829 1651 meo
860 1587 981 1666 foculo,
1007 1587 1152 1654 discede.
1188 1588 1315 1654 namsi
1339 1597 1374 1654 te

194 1697 247 1764 uel
270 1696 393 1763 modice
417 1715 506 1762 meus
540 1696 701 1781 igniculus
734 1696 908 1779 attinuerit,
943 1698 1046 1764 ureris
1069 1699 1181 1765 intime
1201 1717 1262 1764 nec
1283 1700 1372 1766 ullus

194 1808 359 1892 extinguet
373 1806 521 1873 ardorem
544 1813 633 1872 tuum
655 1807 719 1873 nisi
743 1826 803 1891 ego
826 1828 909 1892 quae
924 1788 1017 1876 dulce
1039 1808 1193 1876 condiens
1216 1814 1249 1876 et
1270 1810 1373 1874 ollam

194 1924 225 1984 et
247 1919 394 1984 lectulum
418 1937 519 1982 suane
542 1924 674 2001 quatere
696 1910 798 1983 noui’
1397 1931 1426 1979 15

92 2023 171 2088 VIll
277 2029 366 2094 Haeo
390 2026 500 2094 dicens
523 2027 557 2092 in
580 2046 630 2092 me
653 2027 797 2112 respexit
818 2035 850 2093 et
871 2028 951 2095 risit.
984 2048 1045 2096 neo
1066 2035 1175 2095 tamen
1197 2049 1256 2114 ego
1278 2030 1373 2113 prius

192 2137 269 2203 inde
291 2137 428 2205 discessi
451 2157 546 2222 quam
570 2137 743 2223 diligenter
765 2158 891 2204 omnem
913 2138 981 2207 eius
1001 2141 1220 2224 explorassem
1242 2139 1373 2206 habitu·
1408 2153 1417 2167 ·

185 2248 308 2330 dinem.
343 2248 397 2314 uel
419 2247 496 2332 quid
528 2268 588 2332 ego
611 2247 651 2315 de
685 2249 800 2316 ceteris
830 2251 882 2314 aio
914 2270 986 2323 cum
1009 2269 1136 2335 semper
1168 2251 1247 2316 mihi
1271 2250 1373 2316 unica

192 2378 268 2424 cura
296 2359 392 2424 luerit
414 2364 511 2444 caput
542 2359 760 2445 capillumque
789 2359 902 2427 sedulo
925 2367 957 2425 ct
978 2360 1107 2446 publice
1137 2361 1227 2445 prius
1249 2362 1371 2427 intueri

193 2476 225 2536 et
247 2468 333 2535 domi
355 2475 470 2554 postea
491 2470 625 2554 perfrui,
658 2470 764 2555 sitque
785 2470 897 2537 iudicii
925 2471 1021 2538 huius
1044 2471 1131 2557 apud
1153 2493 1204 2539 me
1226 2479 1314 2539 certa
1335 2480 1372 2540 et
1392 2496 1425 2539 ao

193 2586 314 2647 statuta
343 2580 425 2645 ratio
448 2580 501 2645 uel
531 2579 617 2663 quod
638 2581 815 2664 praecipua
842 2602 918 2667 pars
939 2580 1003 2648 ista
1024 2583 1168 2667 corporis
1196 2583 1231 2648 in
1253 2592 1371 2668 aperto

192 2697 223 2755 et
245 2690 415 2776 perspicuo
444 2689 551 2775 posita
579 2690 684 2775 prima
712 2692 832 2758 nostris
860 2691 1035 2759 luminibus
1067 2694 1204 2759 occurrit
1225 2700 1257 2761 et
1280 2694 1372 2779 qnod

192 2800 225 2865 in
248 2800 363 2867 ceteris
391 2800 544 2867 membris
572 2800 705 2868 floridae
733 2802 835 2868 uestis
862 2801 978 2869 hilaris
1006 2804 1093 2869 color
1120 2803 1237 2871 hocin
1259 2806 1371 2890 capite
1411 2835 1414 2841 ¹

192 2909 276 2976 nitor
298 2911 428 2978 natiuus
451 2916 612 2994 operatur.
649 2909 787 2993 denique
808 2912 983 2997 pleraeque
998 2912 1140 2979 indolem
1161 2914 1368 3001 gratiamque

191 3042 283 3087 suam
315 3022 509 3107 probaturae
541 3021 679 3089 lacinias
709 3042 821 3089 omnes
851 3030 985 3106 exuunt,
1021 3025 1161 3090 amicula
1189 3024 1368 3107 dimouent,
1390 3049 1421 3097 aa
1459 3071 1460 3082 .

191 3131 311 3196 nudam
338 3130 609 3215 pulchritudinem
643 3152 735 3197 suam
764 3133 921 3217 praebere
952 3152 988 3200 se
1015 3136 1157 3218 gestiunt
1185 3137 1290 3219 magis
1323 3136 1368 3203 de

193 3241 275 3307 cutis
297 3261 389 3307 roseo
412 3241 528 3306 rubore
550 3261 646 3325 quam
669 3241 710 3307 de
732 3244 833 3310 uestis
856 3264 954 3309 aureo
977 3245 1083 3311 colore
1104 3246 1291 3331 placiturae.
1331 3257 1369 3315 at

190 3370 323 3415 uero-
340 3349 426 3433 quod
447 3352 539 3417 nefas
562 3351 669 3418 dicere
684 3372 790 3436 neque
812 3353 854 3421 sit
875 3355 976 3419 ullum
990 3354 1086 3423 huius
1108 3356 1155 3421 rei
1177 3362 1242 3422 tam
1257 3357 1368 3425 dirum
1458 3395 1459 3408 ι

191 3461 373 3544 exemplum
395 3462 489 3528 -si
520 3461 690 3529 cuiuslibet
722 3463 861 3530 eximiae
892 3464 1189 3550 pulcherrimaeque
1223 3468 1367 3537 feminae

261 3725 271 3773 1
292 3718 316 3773 dt
332 3721 423 3774 rursus
439 3721 464 3774 ie
481 3736 498 3776 a
514 3720 630 3777 fasceola
639 3724 670 3789 F,
688 3724 712 3776 dr
729 3725 804 3789 ruri3
823 3710 1000 3796 leafal‘c‘eola
1018 3747 1037 3796 φ
1107 3731 1123 3781 8
1140 3742 1199 3781 mea
1217 3728 1276 3789 (sed
1291 3746 1368 3784 aaa·
1457 3707 1458 3724 Χ

186 3813 283 3883 perior
292 3830 364 3883 pars
382 3814 409 3867 ia
423 3829 495 3878 rar.;
512 3817 601 3870 arcario
619 3816 687 3887 quid
694 3817 791 3887 fuerit)
809 3819 842 3882 F,
860 3835 920 3874 mea
938 3841 957 3889 φ
1047 3825 1076 3874 ill
1095 3826 1169 3875 certo
1187 3820 1294 3876 addidit
1307 3821 1368 3878 Ou-

187 3904 354 3975 dendorpius
366 3907 474 3979 priori
489 3909 690 3978 iapmrielrriin
707 3911 842 3966 roaiaF
880 3915 1027 3983 pmnierrip
1102 3918 1129 3968 12
1147 3929 1223 3969 ame.
1242 3913 1366 3972 ofuculo

190 3998 232 4066 Fa
252 3996 310 4062 (red
326 3999 354 4051 ia
372 4018 391 4068 φ
405 4006 504 4071 postea
522 4019 592 4057 corr.
611 4002 639 4057 in
657 4018 673 4057 a
690 4018 749 4058 meo
767 4004 867 4061 loculo»
952 4012 987 4062 '19
1004 4007 1114 4076 puplice
1130 4008 1156 4059 F
1238 4012 1271 4062 20
1288 4007 1369 4078 pinni

189 4107 224 4158 p:
241 4089 325 4159 pltrur
342 4092 367 4142 F
416 4100 483 4163 aput
500 4096 540 4160 Ρ,
559 4094 647 4165 apdp
718 4102 748 4151 21
768 4106 845 4153 ratio.
862 4100 873 4153 l
890 4120 927 4168 p:
946 4107 1050 4155 ratrone
1067 4102 1095 4155 ul
1113 4102 1139 4153 F
1209 4105 1242 4155 '24
1259 4103 1367 4173 pleraq:

189 4183 231 4251 Fp
318 4188 349 4237 25
368 4186 502 4255 phatura*
527 4180 665 4261 (prioritas
689 4189 748 4261 fait
761 4176 793 4256 a,
817 4191 914 4246 deirrde
938 4209 970 4248 ae
991 4194 1041 4249 sed
1064 4210 1079 4249 e
1102 4211 1198 4249 caract
1220 4204 1310 4261 erosa)
1330 4200 1367 4263 F,

1456 4047 1457 4096 l

188 4276 362 4344 probaturam
389 4296 459 4335 corr.
493 4283 519 4336 in
554 4282 716 4352 probaturae
746 4305 765 4353 φ
875 4290 907 4340 28
933 4303 1020 4356 neque
1052 4287 1276 4359 Oudendorpias:
1312 4308 1368 4349 nec

189 4368 225 4438 qu
242 4370 284 4438 Fr
