2934 4900
212 229 252 289 36
723 240 815 286 annu
837 239 863 286 11

212 412 340 458 usuram
364 397 397 458 et
417 392 451 457 in
474 399 638 456 aeternum
660 390 798 457 conditis
821 392 922 458 oeulis
939 390 1099 456 modicam
1121 391 1224 455 lucem
1238 388 1389 454 infundo.

213 522 277 568 non
292 502 464 567 obnitimur
485 521 545 566 nec
559 507 665 566 terrae
686 521 753 566 rem
765 519 869 567 ‘snam
884 501 1082 585 denegamus
1105 499 1164 567 sed
1185 498 1229 564 ad
1251 500 1389 565 uldonis

212 612 367 678 solacium
389 613 540 696 exiguum
561 612 648 678 uitae
670 612 811 696 spatium
829 605 1065 714 deprecamur?

297 721 459 806 Propheta
488 723 535 788 sic
562 722 755 807 propitiatus
783 721 952 787 herbulam
980 721 1166 806 quampiam
1195 721 1236 786 ob
1259 740 1296 786 os
1319 739 1390 784 cor·

212 831 300 916 poris
330 839 361 898 et
389 832 487 897 aliam
514 833 637 916 pectori
666 834 735 898 eius
762 833 907 916 imponit.
944 838 1020 897 tunc
1049 832 1205 898 orientem
1228 831 1423 896 obuersus5

212 941 409 1007 incrementa
425 943 502 1010 soIIs
523 943 654 1024 augusti
676 943 792 1009 tacitus
808 943 1003 1027 imprecatus
1025 940 1222 1008 uenerabiIIs
1245 960 1390 1007 scaenae

212 1051 292 1117 facie
314 1051 421 1118 studia
436 1052 656 1137 praesentium
678 1052 721 1118 ad
735 1053 934 1117 miraculum
947 1058 1070 1118 tantum
1087 1052 1233 1118 certatim
1248 1050 1391 1116 adrexit.

58 1156 217 1225 XXVIIII
302 1163 441 1228 Immitto
470 1183 521 1228 me
547 1163 661 1228 turbae
689 1163 809 1229 socium
838 1170 869 1228 et
896 1183 980 1248 pone
1007 1163 1113 1247 ipsum
1140 1163 1291 1227 lectulum
1322 1160 1393 1226 edi·

212 1271 325 1337 tiorem
349 1273 511 1356 quendam
532 1273 673 1359 lapidem
696 1273 851 1340 insistens
883 1279 997 1338 cuncta
1019 1273 1154 1338 curiosis
1177 1273 1278 1337 oouIIs
1302 1272 1392 1336 arbi·

212 1381 331 1448 trabar.
368 1385 434 1448 tam
455 1390 578 1448 tumore
608 1389 720 1467 pectus
743 1384 868 1465 extolli,
890 1383 955 1448 iam
978 1383 1118 1450 salubris
1145 1401 1229 1447 uena
1249 1383 1391 1464 pulsari,
1412 1401 1438 1448 to

211 1492 276 1557 iam
299 1493 413 1577 spiritu
436 1513 551 1577 corpus
567 1493 694 1578 impleri
716 1501 749 1559 et
770 1493 915 1577 adsurgit
937 1493 1076 1558 cadauer
1097 1499 1129 1560 et
1150 1494 1294 1578 profatur
1309 1492 1394 1556 adu·

212 1603 339 1668 lescens

295 1706 394 1792 ‘Quid
417 1733 472 1778 oro
494 1734 546 1780 me
567 1721 640 1799 post
660 1712 807 1781 Lethaea
836 1715 952 1796 pocula
981 1714 1047 1778 iam
1069 1713 1189 1798 Stygiis
1211 1713 1394 1798 paludibus

213 1823 414 1890 innatantem
430 1822 473 1888 ad
495 1825 725 1890 momentariae
748 1824 835 1890 uitae
850 1823 1002 1890 reducitis
1018 1823 1145 1889 officia?
1182 1823 1295 1890 desino
1308 1823 1393 1901 iarn,

213 1949 335 2017 precor,
360 1932 473 1999 desine
496 1953 533 1997 ao
556 1935 663 1999 mein
686 1955 791 2000 meam
813 1935 953 2019 quietern
975 1925 1147 2019 permitte.³
1414 1946 1439 1993 ro

297 2043 393 2108 Haec
409 2041 520 2107 audita
541 2064 605 2110 uox
628 2043 668 2109 de
691 2064 823 2130 corpore
852 2044 910 2110 sed
931 2045 1098 2126 aliquanto
1122 2043 1278 2128 propheta
1299 2063 1394 2108 com-

213 2153 329 2217 motior
355 2147 446 2236 ‘quin
477 2149 592 2220 relers’
623 2154 668 2219 ait
694 2146 826 2240 ‘populo
857 2155 984 2238 singula
1012 2161 1149 2238 tuaeque
1180 2154 1291 2220 mortis
1313 2155 1395 2219 illu·

214 2263 319 2328 minas
342 2265 483 2329 arcana?
519 2285 563 2329 an
590 2283 655 2329 non
684 2272 778 2349 putas
808 2265 1032 2331 deuotionibus
1060 2265 1141 2331 meis
1169 2284 1266 2349 posse
1288 2265 1395 2331 Diras

214 2372 368 2453 inuocari,
391 2392 488 2457 posse
511 2373 570 2440 tibi
592 2375 736 2440 membra
758 2376 847 2441 lassa
868 2367 1046 2460 torqueri‘l’

300 2484 444 2568 Suscipit
458 2485 512 2549 ille
535 2484 575 2550 de
596 2487 712 2551 lectulo
731 2492 762 2553 et
784 2507 847 2551 uno
863 2493 1013 2552 contextu
1035 2488 1189 2572 populum
1213 2486 1259 2551 sic
1274 2484 1396 2551 adorat
1412 2502 1440 2550 ro

212 2586 319 2659 ‘malls
345 2613 449 2659 nouae
477 2602 597 2680 nuptae
625 2605 810 2682 peremptus
843 2598 966 2663 artibus
988 2602 1020 2662 et
1041 2596 1189 2662 addictus
1211 2596 1307 2661 noxio
1330 2617 1396 2680 po-

216 2703 287 2768 culo
309 2710 412 2769 torum
434 2709 596 2789 tepentem
620 2706 765 2772 adultero
787 2701 996 2792 mancipaui'

200 2903 201 2906 Ἴ
299 2816 389 2878 Tunc
417 2834 498 2879 uxor
528 2816 659 2899 egregia
689 2818 776 2900 capit
802 2823 1005 2901 praesentem
1034 2812 1204 2881 audaciam
1226 2822 1258 2880 et
1279 2824 1396 2884 mente

215 2924 374 3009 sacrilega
396 2926 582 3009 coarguenti
605 2928 718 2991 marito
742 2928 898 2993 resistens
921 2928 1063 2992 altercat.
1101 2929 1238 3012 populus
1259 2934 1398 2994 aestuat

214 3033 345 3101 diuersa
366 3034 544 3101 tendentes.
582 3036 616 3100 hi
638 3037 815 3121 pessimam
833 3037 985 3102 feminam
1001 3037 1161 3102 uiuentem
1184 3038 1293 3104 statim
1316 3058 1396 3103 cum
1414 3060 1439 3107 rr

215 3164 347 3229 corpore
369 3145 477 3210 mariti
493 3145 724 3230 sepeliendam,
749 3147 804 3211 alii
827 3148 995 3212 mendacio
1017 3149 1187 3214 cadaueris
1203 3147 1301 3213 fidem
1323 3170 1396 3215 non

214 3253 408 3319 habendam.

98 3370 194 3433 XXX
301 3362 367 3429 Sed
399 3363 483 3429 hanc
516 3366 752 3431 cunctationem
785 3386 922 3451 sequens
954 3366 1171 3434 adulescentis
1205 3386 1311 3433 sermo
1346 3368 1397 3433 di-

111 3466 115 3475 ’
214 3472 336 3539 stinxit.
379 3493 455 3537 narn
484 3496 595 3543 rursus
630 3477 727 3543 altius
761 3478 978 3561 ingemiscens
1004 3472 1121 3543 ‘dabo'
1155 3477 1260 3561 inquit
1290 3470 1396 3544 ‘dabo

186 3576 191 3589 '
215 3582 309 3648 uobis
332 3582 542 3651 intemeratae
558 3586 705 3653 ueritatis
727 3586 928 3653 documenta.
962 3567 1236 3672 perlucidequod
1257 3609 1396 3673 prorsus
1413 3603 1438 3652 eo

286 3900 414 3956 6loenae
430 3902 458 3955 F
504 3902 599 3964 llacie
615 3903 841 3978 Oudendorpr'us:
854 3906 993 3975 facteIFp
1050 3910 1078 3961 13
1090 3905 1180 3961 lethea
1193 3906 1222 3961 F
1268 3907 1401 3976 lergan

220 3996 252 4045 14
279 3992 358 4046 oficra
381 3994 409 4047 F
492 4000 520 4049 17
539 3992 657 4051 illumind
675 4028 686 4048 ι
704 3998 771 4068 (fuit
804 4000 827 4063 l,
851 3999 919 4069 quid
942 4000 1055 4071 scirpula
1078 4015 1165 4071 supra
1184 4001 1279 4071 posita
1304 4004 1395 4073 siqni-

216 4088 281 4153 liect
297 4087 409 4158 iquoro,
434 4094 506 4147 certe
522 4106 549 4143 m
566 4106 620 4144 ooo
638 4091 785 4161 significat)
803 4092 841 4156 F,
865 4092 1036 4162 rllumrnatqr
1129 4097 1162 4146 20
1180 4110 1234 4147 uno
1260 4098 1396 4149 contextu

218 4176 398 4234 Stemcebr'us:
421 4197 474 4235 rmo
499 4183 589 4251 egestu
613 4182 657 4251 Fc
680 4184 733 4239 imo
759 4200 819 4240 cum
842 4185 942 4253 gemitu
967 4184 1114 4248 Worocrus,
1138 4187 1191 4241 imo
1210 4202 1271 4240 cum
1296 4190 1396 4255 questu

218 4270 435 4329 Hildebroudr‘us
520 4278 552 4328 22
571 4279 680 4343 tepente
703 4298 739 4347 oz
764 4283 871 4348 tepente
895 4278 923 4333 F
1019 4282 1051 4332 24
1070 4278 1167 4348 poplof
1193 4278 1237 4347 Fp
1262 4279 1323 4340 (sed
1340 4299 1397 4354 po-

219 4365 352 4418 sterc'oro
379 4368 408 4419 ia
425 4382 479 4420 ras.
503 4367 531 4421 io
550 4370 580 4435 φ)
667 4374 698 4423 25
718 4371 756 4423 hn
773 4371 802 4424 F
895 4376 927 4425 29
945 4373 1126 4441 ingemescens
1140 4372 1185 4440 Fp
