2934 4900
569 251 653 340 'esa'
672 292 852 339 xvrr-xrn
1231 279 1292 341 217

123 462 197 511 mus
219 443 370 511 sacerdos
392 444 507 510 ollerre
529 463 568 510 ac
595 443 772 528 requirenti
791 442 878 528 ‘quid
905 444 1015 527 utique
1037 444 1139 525 istud,
1162 464 1293 529 respon·
1355 534 1359 541 .

123 554 219 621 disse
249 560 360 638 partes
397 554 472 621 illas
500 552 543 619 de
570 552 744 644 Thessalia
759 552 851 637 ‚mihi
873 554 1008 635 missas,
1043 574 1171 621 seruum
1194 555 1292 623 etiarn

123 685 231 731 meum
252 664 398 731 indidem
412 664 648 749 superuenisse
670 664 801 730 nomine
823 662 1014 731 Candidum.
1038 665 1122 731 hano
1144 685 1292 751 experte

123 782 195 843 otus
214 776 388 860 imaginem
410 774 467 840 diu
488 774 608 859 diuque
629 773 717 860 apud
739 774 951 859 cogitationes
973 794 1063 842 meas
1085 777 1292 845 reuoluebam

88 886 203 969 equid
224 887 272 953 rei
293 885 501 969 portenderet
521 885 712 969 praesertim
734 886 814 950 cum·
828 885 951 951 nullum
974 906 1115 971 unquam
1137 888 1292 956 habuisse

122 1016 176 1062 me
198 1016 327 1064 seruum
355 996 418 1064 isto
446 996 578 1061 nornine
598 1002 817 1080 nuncupatum
839 1003 944 1063 certus
967 1014 1082 1063 essem.
1126 1004 1162 1063 ut
1182 1005 1292 1067 tamen

123 1126 196 1178 sese
216 1109 422 1191 praesagium
445 1105 549 1173 somni
570 1107 758 1190 porrigeret,
782 1108 904 1171 luorum
925 1114 1044 1173 certum
1066 1108 1171 1177 modis
1193 1110 1293 1175 omni-

6 1300 11 1311 ·
77 1262 81 1265 -
122 1218 184 1283 bus
207 1218 382 1302 significari
411 1216 551 1302 partium
572 1216 737 1283 oblatione
759 1216 941 1283 credebam.
986 1218 1033 1285 sio
1062 1219 1179 1287 auxius
1201 1227 1234 1286 et
1255 1222 1289 1285 in

122 1335 317 1412 prouentum
337 1329 575 1414 prosperiorem
597 1315 758 1394 attonitus⁴
773 1327 885 1411 templi
908 1328 1084 1397 matutinas
1106 1331 1291 1415 apertiones

73 1449 103 1497 10
122 1438 327 1523 opperiebar.
371 1457 410 1503 ac
432 1437 509 1503 dum
541 1437 625 1505 uelis
653 1436 867 1505 candentibus
896 1437 1038 1506 reductis
1069 1440 1105 1507 in
1128 1440 1291 1508 diuersum

122 1548 206 1615 deae
226 1549 446 1615 uenerabilem
483 1554 688 1633 conspectum
724 1547 938 1633 adprecamur
967 1556 1000 1615 et
1028 1570 1088 1636 per
1115 1550 1292 1637 dispositas

121 1678 198 1726 aras
220 1658 412 1726 circumiens
434 1657 588 1726 sacerdos
609 1678 677 1724 rem
699 1657 845 1725 diuinam
866 1668 1026 1745 procurat,
1056 1662 1290 1747 supplicamen-

120 1769 164 1836 tis
201 1769 410 1836 sollemnibus
446 1768 527 1835 deae
564 1768 603 1831 de
638 1770 798 1854 penetrali
834 1771 954 1837 iontem
982 1772 1116 1855 petitum
1146 1773 1290 1857 spondeo

120 1879 219 1952 libat:
247 1880 345 1948 rebus
373 1881 439 1947 iarn
461 1880 522 1945 rite
543 1880 772 1947 consummatis
794 1881 965 1947 inchoatae
987 1882 1069 1950 lucis
1091 1884 1291 1952 salutationi-

70 1990 101 2040 15
112 1989 181 2057 'bus
205 1990 355 2074 religiosi·
377 1990 516 2075 primam
545 1990 733 2057 nuntiantes
766 1990 879 2056 horam
907 2000 1121 2076 perstrepunt.
1165 2000 1197 2059 et
1219 2014 1292 2061 ecce

120 2102 354 2185 superueniunt
374 2101 416 2168 de
443 2101 550 2186 patria
572 2120 652 2185 quos
679 2101 725 2166 ibi
753 2102 946 2186 reliqueram
975 2103 1113 2171 famulos
1141 2125 1212 2171 euru
1242 2125 1293 2172 me

118 2211 209 2277 Fotis
241 2212 337 2279 rnalis
368 2212 615 2296 incapistrasset
645 2212 808 2299 erroribus
829 2248 874 2259 -
894 2214 1066 2297 incognitis
1097 2215 1221 2281 scilicet
1247 2218 1292 2281 f·

120 2322 216 2389 mulis
238 2321 318 2400 meis
340 2358 383 2368 -
404 2341 464 2387 neo
485 2344 551 2389 non
572 2329 743 2407 ebequum
765 2342 891 2407 quoque
913 2323 1003 2389 illum
1019 2344 1124 2390 meum
1139 2325 1292 2393 reducen-

119 2439 169 2500 tes
191 2453 288 2518 quern
308 2432 438 2500 diuerse
459 2432 648 2500 distractum
669 2440 766 2500 neme
787 2432 950 2532 dorsualis
972 2434 1137 2518 agnitione
1160 2446 1291 2520 recupe

66 2547 100 2597 20
119 2549 283 2610 rauerant.
317 2563 418 2626 quare
447 2544 623 2613 sollertiam
656 2547 760 2611 somni
793 2551 859 2610 tum
893 2545 1035 2610 mirabar
1054 2546 1121 2612 -uel
1151 2549 1292 2614 maxime

119 2653 206 2739 quod
227 2661 357 2737 praeter
385 2657 629 2740 congruentiam
656 2656 804 2722 lucrosae
834 2654 1073 2740 pollicitationis
1102 2666 1290 2741 argumento

119 2766 206 2832 serui
230 2763 371 2830 Candidi
392 2785 510 2849 equum
533 2766 612 2831 mihi
634 2765 829 2832 reddidisset
851 2766 957 2832 colore
978 2766 1162 2833 candidum.

204 2874 275 2954 Quo
297 2876 382 2941 facto
404 2875 490 2942 idem
521 2877 677 2942 sollicitus
711 2876 858 2942 sedulum
888 2876 1014 2942 colendi
1042 2878 1292 2962 frequentabam·
1309 2875 1392 2942 XXI

118 2984 329 3052 ministerium
352 3005 411 3070 spe
432 2987 539 3052 futura
566 2986 733 3052 beneficiis
760 2987 986 3070 praesentibus
1008 2986 1187 3072 pignerata,
1231 3009 1292 3055 nee

64 3103 97 3152 25
118 3095 226 3163 minus
246 3097 282 3161 in
304 3095 375 3162 dies
395 3095 476 3161 mihi
497 3097 603 3180 magis
634 3098 802 3182 magisque
833 3097 1094 3180 accipiendorum
1128 3118 1291 3166 sacrorum

118 3206 235 3290 cupido
264 3207 422 3290 gliscebat
450 3207 651 3292 'summisque
685 3206 836 3291 precibus
871 3207 1059 3291 primarium
1091 3209 1290 3276 sacerdotem

45 3381 48 3384 ,
117 3317 308 3402 saepissime
331 3336 544 3384 conueneram
570 3323 684 3402 petens
711 3325 748 3384 ut
774 3337 826 3384 me
854 3319 958 3386 noctis
986 3325 1132 3385 sacratae
1158 3320 1290 3388 tandem

25 3439 97 3510 [aar]
116 3429 246 3494 arcanis
266 3427 418 3495 initiaret
441 3429 551 3494 atille
572 3429 623 3493 uir
643 3429 787 3513 alioquin
802 3429 912 3512 grauis
928 3436 960 3494 et
975 3429 1102 3496 sobriae
1123 3431 1289 3515 religionis

116 3539 341 3605 obseruatione
363 3539 506 3604 famosus
527 3539 701 3604 elementer
714 3558 753 3604 ae
769 3539 900 3606 comiter
915 3545 947 3606 et
961 3547 996 3604 ut
1011 3540 1116 3606 solent
1137 3551 1287 3625 parentes

62 3651 95 3702 30
115 3647 285 3714 inmaturis
306 3649 481 3715 liberorum
494 3648 666 3716 desideriis
680 3648 859 3715 modificari
874 3669 980 3716 meam
996 3648 1149 3718 differens
1165 3651 1288 3719 instan-

113 3757 193 3823 tiam
222 3758 294 3842 spei
322 3759 463 3825 melioris
492 3759 623 3827 solaciis
649 3761 794 3845 alioquin
816 3761 946 3826 anxium
968 3759 1047 3827 mihi
1069 3764 1288 3844 permulcebat

182 4022 475 4094 reomagense
558 4024 588 4074 12
605 4026 704 4090 peurat
721 4021 765 4090 Fe
790 4023 828 4083 tia
844 4021 873 4076 F
885 4025 897 4073 t
915 4021 943 4076 ia
960 4035 1033 4086 ras.‚·
1054 4023 1109 4078 uid.
1134 4022 1222 4093 fuisse
1239 4031 1278 4082 ntl

115 4120 147 4170 13
166 4116 200 4171 de
217 4115 280 4171 add.
298 4116 405 4173 cedices
421 4115 581 4187 interpolati
646 4113 747 4170 fontem
764 4114 890 4186 Lipsius:
908 4113 984 4169 fonte
1001 4114 1045 4185 Fe
1123 4121 1151 4170 15
1172 4132 1283 4188 eccae:

113 4225 162 4266 ece
178 4210 207 4265 F
290 4208 618 4278 lrfoulf:fot1d1le
705 4207 848 4277 incognitis
865 4208 977 4280 compsi:
1000 4210 1113 4282 cogmtrl
1128 4209 1172 4280 Fe
1252 4215 1282 4264 19

113 4326 186 4398 drr‘ule
212 4329 238 4380 F
320 4291 437 4385 dorluahs
461 4328 490 4383 F
553 4331 609 4406 ‘22
627 4325 743 4382 candido
761 4329 786 4379 F
793 4331 799 4357 ⁴
886 4331 918 4383 26
936 4326 1058 4406 ghllebat
1074 4327 1103 4382 F
1184 4333 1217 4384 28
1235 4341 1283 4385 ar-

113 4422 207 4476 ehanrl
222 4423 247 4474 F
