2934 4900
524 245 596 293 cnr,
619 245 829 291 xxva-xxx
1075 316 1078 321 Ἴ
1195 229 1254 291 153

77 400 295 478 praeparatos
317 395 489 462 farcientes
511 395 607 461 dorso
630 416 701 462 meo
724 403 901 479 congerunt
927 407 962 460 ut
983 396 1103 480 duplici
1134 396 1256 461 scilicet

79 503 233 569 sarcinae
265 504 408 588 pondere
436 513 589 588 grauatus
619 514 650 573 et
679 505 826 571 horreum
855 508 1004 572 simulet
1031 507 1185 590 templum
1207 508 1255 570 iu·

79 615 243 680 cederem.
1388 679 1416 698 s.

169 724 221 789 Ad
242 725 339 790 istum
360 724 490 790 modum
511 728 660 810 palantes
683 747 811 814 omnem
833 726 923 791 illam
946 727 1226 812 depraedabantur
1252 730 1411 796 XXVIIII
1461 784 1462 788 η

44 835 260 919 aregicnem.
284 835 341 900 sed
363 836 397 900 in
419 835 557 917 quodam
578 838 712 903 castello
734 838 829 922 copia
855 837 968 920 laetati
989 839 1137 921 largioris
1159 860 1256 922 quae-

79 947 192 1011 sticuli
213 945 382 1029 gaudiales
405 947 566 1011 instruunt
587 946 699 1030 dapes.
722 947 904 1028 aquodam
926 950 1038 1013 colono
1060 947 1151 1014 fictae
1175 951 1255 1016 uati-

78 1057 256 1122 cinationis
279 1055 446 1120 mendacio
468 1057 716 1142 pinguissimum
731 1056 912 1142 deposcunt
932 1059 1064 1123 arietem
1079 1061 1133 1140 qui
1156 1060 1252 1125 deam

79 1167 213 1252 Syriam
250 1167 440 1232 esurientem
477 1187 535 1233 suo
564 1167 697 1234 satiaret
725 1168 880 1232 sacrificio
908 1168 1071 1253 probeque
1094 1168 1253 1254 disposita

78 1278 200 1342 cenula
227 1277 362 1344 balneas
391 1277 510 1342 obeunt
538 1296 576 1342 ac
609 1277 725 1344 dehine
758 1280 837 1344 lauti
865 1278 1026 1360 quendam
1047 1279 1253 1360 fortissimum

30 1414 59 1461 ω
79 1381 281 1454 rusticanum
303 1387 462 1454 industria
482 1389 619 1453 laterum
641 1396 738 1469 atque
765 1376 839 1455 im'is
861 1389 984 1455 uentris
1006 1390 1089 1456 bene
1117 1409 1254 1475 praepa-

78 1506 189 1565 ratum
218 1499 366 1562 comitem
396 1515 496 1563 cenae
534 1517 640 1564 secum
676 1498 840 1564 adducunt
875 1501 1051 1582 paucisque
1080 1502 1253 1568 admodum

77 1609 302 1694 praegustatis
338 1608 489 1674 olusculis
526 1615 600 1674 ante
636 1609 742 1692 ipsam
774 1629 919 1676 mensam
952 1612 1160 1696 spurcissima
1196 1614 1254 1677 illa

77 1718 244 1804 propudia
266 1719 308 1783 ad
329 1718 471 1783 inlicitae
494 1718 637 1784 libidinis
660 1725 805 1785 extrema
833 1719 957 1803 flagitia
983 1722 1126 1789 infandis
1154 1725 1259 1806 urigiae

78 1831 179 1895 nibus
201 1830 372 1894 efferantur
403 1829 595 1926 passimque
617 1831 799 1896 circumfusi
827 1830 981 1896 nudatum
1004 1833 1251 1915 supinatumque
1281 1830 1286 1838 ’

32 1957 59 2004 15
78 1931 240 2006 iuuenem
268 1938 458 2005 execrandis
489 1939 598 2004 oribus
633 1939 833 2022 flagitabant.
877 1960 938 2006 nec
964 1940 1021 2006 diu
1042 1943 1107 2007 tale
1128 1944 1252 2008 facinus

79 2052 165 2117 meis
188 2050 291 2115 oculis
312 2049 523 2116 tolerantibus
543 2043 650 2132 ‘porro
673 2047 824 2126 Quirites'
848 2053 1048 2135 proclamare
1063 2054 1180 2135 gestiui
1196 2053 1254 2118 sed

78 2161 251 2226 uiduatum
265 2213 268 2220 .
282 2160 396 2226 ceteris
425 2158 561 2244 syllabis
589 2179 628 2225 ac
655 2161 771 2226 litteris
799 2164 956 2244 processit
978 2162 1005 2228 Ο
1026 2169 1151 2228 tantum
1174 2183 1252 2228 sane

81 2274 208 2337 clarum
231 2291 269 2335 ac
291 2269 436 2335 ualidum
459 2277 490 2335 et
518 2271 610 2336 asino
638 2272 802 2355 proprium
831 2272 889 2338 sed
913 2274 1127 2358 inopportuno
1155 2275 1253 2356 plane

78 2388 237 2467 tempore.
260 2401 398 2462 namque
421 2379 462 2446 de
483 2401 568 2465 pago
584 2382 729 2466 proximo
745 2384 927 2467 complures
947 2385 1082 2452 iuuenes
1104 2385 1253 2450 abactum

32 2512 61 2561 tc
80 2494 145 2559 sibi
168 2499 266 2557 noctu
287 2492 511 2576 perquirentes
532 2494 669 2558 asellum
691 2494 854 2577 nimioque
875 2494 982 2561 studio
1005 2503 1119 2561 cuncta
1140 2496 1254 2561 deuor-

80 2604 172 2669 soria
195 2608 373 2668 scrutantes
396 2602 483 2669 intus
505 2602 633 2668 aedium
662 2604 772 2668 audito
795 2604 901 2669 ruditu
923 2624 994 2669 meo
1023 2605 1177 2688 praedam
1199 2608 1254 2670 ab·

80 2711 264 2779 sconditam
285 2711 428 2777 latibulis
451 2712 579 2777 aedium
600 2714 663 2777 rati
685 2732 792 2778 coram
820 2735 888 2781 rem
916 2716 1063 2781 inuasuri
1094 2737 1185 2782 suam
1207 2717 1254 2780 in-

79 2824 206 2905 prouisi
228 2822 369 2888 conferto
391 2822 494 2905 gradu
517 2842 552 2888 se
574 2830 744 2905 penetrant
765 2826 936 2908 palamque
958 2826 1031 2891 illos
1052 2826 1254 2893 execrandas

78 2932 253 2999 foeditates
276 2933 432 2998 obeuntes
453 2932 698 3017 deprehendunt
725 2934 790 2999 iarn
811 2936 942 3017 iamque
963 2936 1087 3003 uicinos
1109 2936 1253 3019 undique

32 3056 60 3105 25
79 3044 264 3126 percientes
297 3044 516 3127 turpissimam
551 3062 701 3109 scaenam
733 3045 941 3127 patefaciunt,
963 3047 1096 3131 insuper
1116 3047 1251 3112 ridicule

80 3153 285 3219 sacerdotum
317 3152 523 3236 purissimam
551 3153 722 3220 laudantes
744 3155 977 3221 castimoniam.
1028 3157 1090 3221 hae
1112 3158 1246 3222 infamia
1279 3150 1379 3215 XXX

79 3262 295 3343 consternati,
326 3282 408 3347 quae
430 3283 488 3349 per
510 3284 567 3329 ora
588 3264 699 3348 populi
722 3265 817 3331 facile
839 3266 968 3351 dilapsa
989 3268 1102 3333 merito
1124 3268 1248 3334 iuuisos

80 3395 119 3439 ac
142 3373 352 3439 detestabiles
376 3394 431 3441 eos
454 3375 576 3439 cunctis
605 3374 769 3458 effecerat,
798 3384 926 3441 noctem
953 3378 1053 3443 ferme
1075 3379 1161 3442 eirca
1182 3398 1250 3442 mc·
1312 3440 1320 3453 ,

80 3484 171 3550 diam
193 3484 333 3550 collectis
356 3484 504 3551 omnibus
526 3485 634 3549 furtim
663 3483 796 3552 ca‘stello
824 3488 987 3553 facessunt
1009 3488 1158 3572 bonaque
1180 3490 1252 3553 inti—

33 3602 62 3651 30
80 3596 172 3661 neris
195 3608 286 3680 parte
309 3601 384 3659 ante
406 3594 527 3661 iubaris
549 3602 693 3661 exortum
715 3603 877 3663 transacta
909 3598 974 3661 iam
996 3597 1049 3663 die
1071 3601 1157 3664 claro
1181 3600 1254 3665 soli-

80 3705 212 3771 tudines
235 3705 327 3770 anias
349 3706 458 3769 nancti
490 3709 590 3770 multa
611 3727 719 3776 secum
741 3708 831 3791 prius
853 3709 1011 3773 conlocuti
1025 3710 1197 3792 accingunt
1219 3728 1255 3775 se

81 3836 153 3881 meo
177 3816 281 3881 funeri
304 3813 428 3900 deaque
449 3816 596 3881 uehiculo
618 3837 690 3885 meo
714 3817 841 3883 sublata
855 3825 887 3884 et
908 3818 997 3884 humi
1019 3819 1162 3903 reposita
1177 3839 1253 3883 cun·

149 4187 165 4235 4
183 4177 266 4235 mudd
280 4181 316 4236 F¹
404 4184 434 4233 15
453 4178 580 4247 onb;Fp‚
599 4195 668 4233 corr.
687 4181 716 4233 fa
732 4180 881 4248 urrgrnrbuf
890 4198 961 4235 maa.
980 4184 1163 4237 recentissima
1181 4185 1209 4235 iu
1230 4184 1259 4237 F

84 4282 112 4329 17
133 4275 206 4330 frllab
223 4276 252 4329 F
335 4277 365 4328 18
383 4278 545 4341 inoportuno
563 4273 589 4323 F
671 4276 703 4326 tt
721 4272 846 4342 fqdrtatef
861 4274 890 4328 F
978 4279 1011 4330 26
1029 4292 1061 4329 ac
1088 4276 1132 4345 Fp
1220 4282 1252 4331 28

83 4370 230 4424 effecerant
248 4369 276 4422 F
352 4372 384 4423 30
401 4368 538 4422 transacta
555 4386 590 4435 p:
608 4362 744 4421 transacta
760 4366 790 4421 F
871 4373 900 4422 31
921 4374 994 4422 nacti
1009 4368 1047 4439 sp
