2934 4900
505 235 577 282 cae.
600 235 806 281 x1m÷xm11
1181 224 1240 283 107
1276 244 1279 292 ς

62 405 100 452 se
125 383 391 470 praeministrare
414 405 514 468 quare
536 386 633 468 paulo
656 387 782 451 facilior
811 386 954 452 adeundi
980 389 1039 452 fuit
1061 389 1163 472 copia.
1195 389 1242 454 sic
1266 393 1343 457 XVI

61 503 234 581 acceptam
264 515 335 560 cum
368 495 489 578 gaudie
520 497 651 580 plenam
678 499 827 561 urnulam
855 499 981 582 Psyche
1003 499 1121 564 Veneri
1143 501 1242 565 citata

62 607 199 672 rettulit.

153 719 223 783 Nec
244 722 354 780 tamen
376 720 487 780 nutum
503 715 584 782 deae
608 717 785 785 saeuientis
808 720 861 783 uel
883 725 959 783 tunc
973 721 1106 803 expiare
1128 721 1240 803 potuit.

29 830 144 894 5nam
168 829 216 894 sic
238 846 310 891 eam
333 826 456 891 maiora
478 835 574 909 atque
596 829 709 910 peiora
730 827 855 911 flagitia
877 830 1077 896 comminans
1098 831 1243 913 appellat

62 938 222 1004 renidens
252 937 417 1002 exitiabile
450 931 534 1001 ‘iam
562 945 597 1001 tu
625 937 756 1021 quidem
778 960 898 1022 magna
924 939 1048 1006 uideris
1081 940 1241 1024 quaedam
1282 1000 1285 1003 ,

65 1049 150 1113 mihi
172 1054 205 1114 et
227 1049 295 1112 alta
315 1067 448 1130 prorsus
471 1048 618 1113 malefica
634 1068 717 1130 quae
740 1050 861 1115 talibus
882 1051 1063 1134 praeceptis
1085 1051 1165 1115 meis
1188 1051 1241 1114 oh·

63 1159 259 1244 temperasti
279 1158 415 1222 nauiter.
454 1157 511 1222 sed
534 1157 640 1222 adhuc
660 1158 764 1240 istud,
793 1181 866 1224 mea
888 1162 1025 1245 pupula,
1059 1161 1242 1226 ministrare

65 1270 217 1335 debebis.
251 1287 341 1333 sume
363 1267 458 1332 istam
480 1259 647 1352 pyxidem'
673 1275 704 1334 et
726 1269 816 1334 dedit
836 1271 982 1353 protinus
1002 1263 1054 1334 ‘et
1070 1290 1176 1354 usque
1198 1271 1242 1334 ad

22 1386 48 1432 10
65 1382 191 1446 inferos
215 1385 246 1444 et
267 1379 372 1462 ipsius
395 1378 469 1442 Orci
490 1379 608 1443 ferales
631 1385 767 1462 penates
795 1387 827 1444 te
856 1381 977 1464 derige.
1000 1389 1076 1445 tunc
1096 1382 1242 1446 conferes

13 1475 14 1482 ἵ
65 1490 224 1575 pyxidem
248 1489 461 1573 Proserpinae
480 1481 578 1571 ‘petit
604 1489 644 1553 de
673 1497 704 1554 te
726 1484 847 1558 Venus'
874 1491 971 1556 dicito
1000 1485 1178 1556 ‘modicum
1201 1490 1243 1554 de

65 1610 123 1666 tua
147 1601 258 1665 mittas
281 1600 312 1665 ei
334 1599 555 1664 immensitate
578 1600 630 1664 uel
652 1600 694 1664 ad
716 1622 814 1665 unam
838 1604 952 1668 saltem
975 1602 1133 1667 dieculam
1156 1601 1242 1667 suifi-

13 1717 49 1776 80]
67 1711 168 1776 ciens.
193 1730 270 1774 nam
293 1709 379 1793 quod
401 1709 514 1774 habuit
535 1708 610 1774 dum
633 1711 735 1776 filium
757 1720 847 1776 curat
862 1720 1029 1796 aegrotum
1043 1710 1244 1794 consumpsit

67 1829 166 1905 atque
202 1820 352 1885 contriuit
380 1811 498 1884 omne'
530 1822 587 1886 sed
616 1820 704 1886 haud
737 1823 937 1888 immaturius
965 1823 1068 1887 redito
1090 1822 1167 1906 quia
1189 1841 1240 1886 me

23 1941 48 1988 15
66 1951 206 1998 necesse
229 1937 279 1997 est
301 1930 443 1996 indidem
467 1929 598 1994 delitam
621 1931 780 1996 theatrum
804 1933 936 1998 deorum
959 1924 1186 2015 frequentare.²

154 2043 248 2106 'Iunc
269 2040 396 2124 Psyche
418 2042 471 2106 uel
493 2042 633 2106 maxime
657 2043 759 2107 sensit
781 2044 910 2109 ultimas
938 2045 1082 2110 fortunas
1111 2063 1187 2108 suas
1210 2049 1242 2107 et
1264 2041 1356 2104 XVII

68 2154 254 2218 uelamento
276 2151 397 2216 reiecto
413 2151 456 2216 ad
471 2159 652 2236 promptum
669 2154 801 2218 exitium
818 2174 901 2221 sose·
912 2154 1060 2238 compelli
1075 2153 1244 2220 manifeste

68 2262 237 2348 comperit.
274 2261 411 2344 quidni?
450 2281 532 2345 quae
556 2264 623 2328 suis
652 2264 791 2347 pedibus
813 2267 897 2329 ultro
919 2265 962 2329 ad
984 2252 1155 2328 Tartarum
1178 2283 1243 2328 ma·

67 2392 193 2458 nosque
228 2391 407 2438 commeare
436 2379 612 2456 cogeretur.
648 2393 708 2438 nec
740 2384 889 2439 cunctata
916 2374 1037 2440 diutius
1065 2375 1171 2460 pergit
1199 2372 1243 2437 ad

22 2496 50 2545 to
67 2483 257 2569 quampiam
278 2484 391 2547 turrim
413 2486 592 2567 praealtam
614 2486 758 2551 indidem
785 2506 859 2553 sese
881 2487 997 2553 datura
1017 2487 1242 2571 praecipitem3

69 2597 114 2661 sic
137 2595 227 2659 enim
249 2593 379 2658 rebatur
401 2592 444 2657 ad
472 2595 592 2661 inferos
615 2604 701 2661 recta
724 2606 821 2681 atque
851 2599 1065 2683 pulcherrime
1087 2618 1122 2664 se
1146 2615 1247 2681 posse

69 2702 277 2771 descendere.
302 2703 359 2769 sed
377 2704 474 2769 turris
489 2708 666 2792 prorumpit
688 2709 721 2773 in
738 2728 850 2774 nocem
866 2709 1005 2774 subitam
1021 2715 1053 2773 et
1072 2702 1172 2790 ‘quid
1193 2699 1240 2771 te'

68 2816 174 2900 inquit
198 2808 443 2898 ‘praecipitem
474 2836 493 2878 o
522 2814 664 2894 misella,
695 2818 823 2901 quaeris
852 2820 1064 2902 extinguere?
1101 2817 1243 2901 quidque

69 2928 132 2992 iam
156 2920 501 3009 nouasimo‘perioulc
522 2926 689 3011 laborique
710 2928 773 2993 isto
796 2936 915 2994 temere
938 2928 1142 2995 succumbis?
1165 2948 1241 2992 nam

25 3043 52 3091 25
71 3038 100 3103 si
123 3036 258 3120 spiritus
281 3054 413 3119 corpore
436 3042 490 3099 tuo
514 3038 612 3103 semel
629 3039 725 3124 fuerit
742 3039 915 3122 seiugatus‚
940 3039 1002 3105 ibis
1018 3038 1148 3121 quidem
1170 3059 1241 3121 pro-

70 3149 152 3212 iecto
164 3144 209 3211 ad
223 3144 322 3233 imum
335 3147 505 3211 Tartarum
521 3147 579 3212 sed
594 3148 671 3215 inde
685 3150 773 3214 nullo
788 3161 882 3234 pacto
894 3148 1000 3214 redire
1014 3150 1145 3233 poteris.
1161 3147 1242 3213 mihi

70 3258 227 3323 ausculta.
251 3252 452 3319 Lacedaemo
468 3255 612 3323 Achaiae
627 3260 746 3326 nobilis
762 3260 876 3325 ciuitas
890 3281 956 3324 non
978 3263 1073 3343 longe
1096 3261 1159 3326 sita
1175 3265 1241 3325 est:
1265 3263 1375 3327 XVIII

71 3368 166 3433 huius
181 3364 416 3431 conterminam
431 3363 535 3433 deuiis
551 3368 693 3435 abditam
709 3370 789 3437 locis
805 3390 923 3455 quaere
938 3374 1132 3435 Taenarum.
1160 3369 1242 3433 inihi

72 3477 270 3561 spiraculum
291 3473 382 3539 Ditis
405 3482 436 3538 et
457 3496 515 3559 per
537 3485 648 3561 portas
670 3481 799 3547 hiantes
821 3488 1017 3547 monstratur
1032 3482 1092 3547 iter
1106 3481 1240 3555 inuium,

139 3809 155 3857 9
174 3808 201 3858 et
218 3809 281 3857 ante
298 3805 381 3873 usque
399 3824 450 3861 om.
472 3808 501 3873 F,
520 3806 583 3860 add.
602 3821 685 3859 manu
703 3820 755 3858 sec.
773 3804 802 3856 ia
821 3823 841 3870 φ
947 3808 975 3855 to
993 3818 1051 3855 orer
1070 3831 1080 3852 ι
1098 3800 1165 3864 (suit
1183 3800 1202 3863 b
1220 3800 1245 3849 F

72 3896 168 3965 dengdr
186 3898 216 3962 F,
242 3897 331 3967 derige
348 3929 358 3950 a
376 3900 443 3969 (fcit
460 3906 525 3969 ttp
616 3904 646 3952 14
664 3898 752 3951 redito
768 3897 821 3965 fc:
847 3896 993 3950 redditoF
1079 3900 1108 3948 15
1128 3894 1165 3948 elt
1182 3898 1246 3946 anate

74 3976 144 4044 ididia
162 3990 190 4043 io
208 4006 262 4043 ras.
280 4008 297 4043 a
315 3993 433 4046 sccaodo
451 4010 532 4047 mana
558 3994 689 4063 scriptam
713 3992 742 4043 io
767 3990 793 4041 F
875 3991 918 4042 20⁴
922 3991 1063 4060 posterius
1087 3990 1113 4042 se
1130 3988 1245 4041 deletum

75 4084 101 4134 ib
120 4084 144 4133 F
213 4080 312 4139 dature
328 4084 372 4154 For
443 4091 472 4139 21
493 4089 567 4141 recte
586 4088 629 4155 Fe
699 4089 780 4152 atque
797 4083 876 4152 proin
894 4084 1030 4139 celerrime
1049 4083 1163 4140 coniecit
1179 4079 1244 4134 Iab-

75 4176 136 4229 aios
205 4180 236 4230 23
255 4193 307 4245 que
325 4178 440 4233 deletam
459 4180 487 4233 to
505 4180 529 4230 F
598 4183 630 4233 24
648 4165 801 4249 repraeter
821 4173 830 4197 ⁸
852 4180 966 4233 manual
982 4179 1051 4242 aaa
1070 4177 1170 4247 lapitas·
1187 4176 1244 4242 top

74 4271 105 4321 26
123 4269 205 4323 mrclu
221 4271 246 4321 F
332 4276 363 4325 27
382 4272 519 4326 lacedemo
537 4274 562 4323 F
647 4276 679 4326 28
698 4268 866 4326 contermini
882 4268 904 4337 (⁵
923 4276 1041 4336 erasum)
1059 4270 1087 4325 F
1152 4266 1247 4324 abate

75 4356 96 4424 (⁸
118 4368 234 4419 amram)
255 4364 293 4421 F¹
342 4366 403 4419 r'io
420 4360 516 4418 tenarir
534 4382 605 4419 corr.
623 4365 726 4420 ataid.
746 4367 848 4420 thesio
867 4367 892 4416 F
