2934 4900
253 209 293 273 96
766 228 860 274 ursui
881 229 903 272 v

251 376 306 442 ille
329 397 421 444 meac
444 379 564 464 formae
588 379 770 458 succubam,
795 379 858 444 mei
881 371 1020 444 nominis
1035 380 1197 446 aemulam
1211 397 1289 442 uere
1303 378 1410 461 diligit

250 486 400 552 nimirum
423 489 504 554 illud
525 491 757 555 incrementum
779 489 885 554 lenam
907 509 958 554 me
981 491 1107 573 putauit
1127 489 1218 554 cuius
1241 495 1411 554 monstratu

232 633 235 644 ·
253 597 395 678 puellam
418 599 507 666 illam
529 591 754 683 cognosceret?

109 705 266 772 XXVIIII
350 709 438 774 Haec
452 711 609 794 quiritans
624 711 804 794 properiter
818 710 953 791 emergit
967 729 984 774 e
1000 710 1081 794 mari
1097 729 1253 793 suumque
1274 710 1410 794 protinus

253 839 385 884 aureum
400 820 578 886 thalamum
594 821 674 905 petit
696 827 727 886 et
742 827 880 904 reperto,
903 820 985 886 sicut
1000 819 1159 896 audierat,
1174 828 1306 902 aegroto
1321 839 1410 904 puero
1434 835 1444 882 e

253 929 319 994 iam
334 929 409 996 inde
432 951 452 994 a
473 931 594 996 foribus
610 951 706 1014 quam
722 931 861 996 maxime
876 931 979 997 boans
999 923 1170 996 ‘honesta’
1194 931 1300 1013 inquit
1318 923 1410 994 ‘haec

254 1046 287 1105 et
307 1040 470 1106 natalibus
492 1043 610 1107 nostris
632 1041 801 1125 bonaeque
824 1049 898 1105 tuae
920 1041 1003 1124 frugi
1025 1041 1258 1124 congruentia?
1294 1048 1328 1104 ut
1355 1041 1410 1124 pri·

255 1171 339 1214 mum
362 1149 492 1234 quidem
516 1138 598 1217 tuae
611 1151 765 1235 parentis,
788 1152 886 1215 immo
909 1149 1059 1216 dominae
1081 1158 1258 1236 praecepta
1279 1152 1409 1216 calcares

255 1279 314 1326 nec
337 1260 477 1326 sordidis
499 1262 700 1328 amoribus
691 1261 856 1326 rnimIcam
877 1281 983 1326 meam
1012 1262 1172 1326 cruciares
1190 1281 1303 1326 uerum
1324 1263 1443 1390 etiam¹⁰

255 1369 390 1434 hoct
337 1378 411 1435 aeta
412 1371 453 1436 tis
475 1391 556 1454 puer
577 1373 640 1438 tuis
663 1372 771 1438 licent'
749 1372 840 1437 trosis
870 1380 903 1438 et
930 1372 1109 1436 immaturis
1130 1371 1282 1454 iungeres
1304 1341 1443 1455 ample-¹⁰
1423 1407 1447 1474 p,

254 1480 423 1562 ribus,ut
388 1501 510 1564 uego
540 1467 653 1546 nurum
677 1481 798 1548 scilicet
820 1484 988 1547 tolerarem
1011 1483 1196 1548 inimicam?
1234 1482 1293 1548 sed
1312 1483 1410 1564 utique

253 1591 434 1672 praesumis
457 1612 542 1675 nugo
566 1600 597 1656 et
619 1598 747 1677 corrupt
748 1601 830 1657 oret
818 1592 1065 1659 tinamabilist
1052 1598 1084 1658 e
1106 1594 1210 1659 solum
1231 1613 1409 1676 generosum

256 1719 316 1765 nec
338 1721 388 1766 mo
416 1701 482 1765 iam
511 1722 570 1786 per
597 1707 685 1766 aetat
686 1723 737 1768 ern
765 1722 862 1785 posse
891 1703 1069 1787 concipere
1106 1702 1204 1768 uelim
1233 1721 1309 1786 ergo
1336 1704 1408 1768 scias

255 1811 389 1874 multet
335 1817 407 1876 ote
430 1811 592 1879 meliorem
614 1812 715 1876 filiurn
737 1813 836 1877 alium
859 1815 1055 1896 genituram,
1088 1813 1186 1877 immo
1208 1819 1243 1877 ut
1265 1820 1409 1878 coutume

255 1921 332 1985 liam
362 1923 466 2004 magis
498 1923 635 2003 sentias,
673 1923 815 2006 aliquem
849 1922 890 1987 de
918 1923 997 1989 meis
1027 1923 1253 2007 adoptaturam
1281 1923 1409 1989 uemulis
1423 1926 1442 1974 u

256 2031 350 2112 eique
378 2031 568 2096 donaturam
597 2034 677 2098 istas
711 2034 829 2117 pinnas
859 2040 891 2098 et
918 2033 1065 2099 flarumas
1088 2040 1120 2098 et
1142 2053 1252 2110 arcum
1275 2041 1306 2099 et
1331 2034 1409 2116 ipsas

257 2141 393 2224 sagittas
417 2149 448 2207 ct
470 2163 604 2214 ornnem,
620 2163 724 2206 meam
747 2143 988 2225 supellectilem,
1013 2164 1115 2236 quam!
1131 2144 1190 2208 tibi
1213 2165 1279 2208 non
1300 2143 1341 2208 ad
1361 2144 1409 2206 bos

257 2273 334 2318 usus
357 2252 519 2318 dederam.
549 2274 607 2318 nec
630 2255 716 2318 eninr
740 2254 780 2320 de
810 2255 911 2338 patris
933 2255 979 2318 tui
1001 2254 1095 2319 bonis
1117 2254 1160 2319 ad
1181 2254 1408 2319 instructionem

140 2353 236 2419 XXX
258 2362 353 2428 istam
376 2363 545 2447 quicquam
561 2383 745 2430 conoessum
762 2372 819 2430 est.
845 2364 904 2430 sed
933 2366 1016 2428 male
1039 2365 1144 2448 prima
1165 2364 1306 2448 pueritia
1332 2362 1408 2426 indu-

260 2482 328 2539 ctus
345 2493 380 2539 es
394 2480 426 2538 et
441 2482 551 2540 acutas
568 2496 683 2541 manus
706 2476 808 2541 habes
831 2485 865 2540 et
887 2477 1028 2541 maiores
1041 2482 1113 2540 tuos
1128 2476 1340 2541 irreuerenter
1354 2474 1442 2557 pul-u

207 2634 209 2643 ,
259 2585 338 2649 sesti
359 2585 475 2651 totiens
499 2592 529 2650 et
551 2580 655 2669 ipsam
678 2593 813 2651 matrem
828 2594 925 2667 tuam,
949 2606 1009 2665 me,
1032 2586 1174 2669 inquam,
1197 2562 1303 2671 ipsam
1325 2584 1408 2669 parri-

261 2694 333 2759 cida
360 2695 506 2761 denudas
536 2696 653 2761 cotidie
686 2704 717 2760 et
749 2696 937 2781 percussisti
972 2697 1103 2778 saepius
1125 2703 1157 2761 et
1179 2697 1273 2780 quasi
1295 2695 1407 2761 uiduam

261 2806 369 2889 utique
391 2807 569 2873 contemnis
592 2806 821 2872 uec-uitricum
850 2814 939 2871 tuum
970 2808 1180 2872 fortIssimum
1208 2808 1298 2871 illum
1326 2803 1408 2868 mari-

259 2937 408 2999 mumque
435 2916 623 2981 bellatorem
653 2918 778 2982 metuis.
813 2916 940 3000 quidni!
974 2918 1025 2981 cui
1052 2918 1183 3001 saepius
1211 2917 1245 2981 in
1274 2932 1408 2998 angorem

261 3029 323 3093 mei
346 3026 525 3110 paelicatus
554 3028 680 3111 puellas
708 3023 882 3113 propinare
915 3028 1088 3093 consuesti.
1126 3027 1184 3093 sed
1212 3027 1277 3091 iam
1299 3027 1366 3091 taxo
1385 3031 1407 3085 te
1421 3030 1440 3077 tt

260 3136 350 3201 lusus
386 3136 481 3201 huius
517 3139 682 3222 paeniteat
719 3144 750 3203 et
786 3137 908 3203 sentias
945 3137 1057 3203 acidas
1100 3146 1132 3203 et
1174 3158 1303 3202 amaras
1343 3121 1411 3199 istas

261 3246 401 3329 nuptias.
444 3282 487 3292 —-
531 3247 588 3313 sed
630 3268 714 3313 nuno
761 3248 876 3313 inrisui
918 3248 1030 3312 b'abita
1077 3248 1154 3331 quid
1196 3250 1316 3331 agam?
1359 3262 1407 3327 qut

260 3374 310 3419 me
347 3356 532 3423 conferam?
584 3359 698 3441 quibus
734 3358 840 3423 modis
877 3359 1044 3423 stelionem
1095 3360 1191 3424 istum
1240 3352 1407 3422 cohibeam?

191 3506 192 3509 ι
261 3472 409 3547 petamne
432 3468 586 3532 auxilium
609 3470 650 3533 ab
672 3469 803 3533 inimica
838 3460 910 3543 mea
939 3469 1136 3549 Sobrietate,
1171 3488 1267 3552 quam
1299 3471 1407 3551 propter

215 3646 217 3651 ,
262 3574 357 3641 huius
380 3578 482 3661 ipsius
504 3579 664 3644 luxuriam
688 3578 808 3643 offendi
831 3579 984 3661 saepius?
1018 3586 1050 3643 at
1072 3579 1210 3645 rusticae
1240 3574 1406 3661 squalentis·
1421 3586 1441 3632 :u

209 3678 211 3685 ’
264 3705 324 3767 que
346 3686 485 3753 feminae
508 3690 709 3773 conloquium
733 3688 1026 3754 adhibendumt
976 3696 1033 3755 est.
1057 3690 1217 3754 horresco.
1241 3708 1300 3753 nec
1320 3693 1407 3750 taum

267 3804 366 3813 b*-

331 3850 520 3921 lluccbbbtt
502 3860 539 3921 (tn
556 3873 611 3911 rur.
634 3852 741 3926 fult)
731 3857 788 3922 )F
869 3861 932 3964 aot?
954 3872 1017 3910 uere
1035 3855 1149 3909 deletum
1173 3857 1226 3907 lr
1215 3872 1243 3908 m
1261 3856 1289 3909 F
1348 3856 1397 3903 'ltu

265 3976 342 4041 (ccl
299 3975 342 4029 ’tu
357 3993 442 4047 supra
460 3978 600 4046 recepturo)
620 3977 651 4039 F,
668 3981 714 4029 tue
732 3996 752 4043 φ
839 3980 883 4029 st
884 3991 917 4044 ug
937 3976 965 4038 F,
984 3975 1074 4043 turio
1164 3978 1192 4027 12
1212 3992 1229 4027 u
1253 3976 1281 4027 eie
1297 3961 1409 4041 generosi

264 4069 416 4123 usecrurdu
434 4086 515 4122 inerte
534 4070 561 4121 tu
578 4083 633 4120 ros.
652 4070 754 4139 serimus
771 4070 799 4125 t'n
817 4068 850 4133 F,
867 4070 995 4137 generoiu
1014 4088 1033 4137 φ
1112 4072 1143 4121 1-1
1161 4055 1268 4123 mehorb
1287 4062 1408 4135 scirpeum

263 4162 325 4216 add.
344 4178 440 4215 mortus
457 4162 585 4225 recaredo)
604 4164 635 4226 F,
654 4149 762 4227 meborb
781 4182 800 4230 φ
890 4168 918 4215 15
939 4162 1035 4215 lentral
1050 4192 1059 4212 ι
1077 4162 1102 4212 11
1168 4161 1288 4215 uernulrl
1300 4160 1349 4268 sp:
1364 4169 1409 4209 uor-

272 4276 336 4333 nulb
352 4288 383 4332 ut
399 4280 454 4333 uid.
473 4279 500 4331 F
566 4285 595 4333 16
614 4298 656 4349 qq3
675 4282 800 4351 apricis
818 4279 1199 4348 metuamusque
1280 4284 1312 4333 20
1328 4276 1383 4332 abel
1396 4270 1412 4322 F

266 4377 297 4425 25
316 4373 447 4441 pthatul
462 4374 502 4427 εἰσ
519 4373 547 4426 F
628 4378 659 4427 30
678 4378 706 4426 at
722 4372 855 4429 Iobates:
873 4378 921 4427 aut
938 4375 980 4443 Fp
1069 4378 1099 4427 31
1120 4373 1271 4428 adhibenda
1287 4371 1358 4429 sici
