2934 4900
522 235 594 283 oar.
616 233 755 282 xv-xx
1066 265 1069 270 .
1180 216 1239 284 89,
1316 268 1318 274 ,

57 387 108 451 diu
129 387 261 452 blandis
284 387 508 452 alimentorum
529 386 695 472 obsequiis
722 391 756 451 te
784 374 1005 470 saginaturum
1028 405 1138 452 omnes
1160 385 1217 450 ad·

56 497 181 562 firmant
213 496 271 564 sed
302 517 375 562 cum
407 498 544 583 primum
572 496 837 581 praegnationem
865 503 953 561 tuam
982 497 1098 581 plenus
1119 504 1220 561 matu·

57 609 172 672 rauerit
185 614 305 691 uterus,
330 606 485 692 opimiore
500 608 602 672 fructu
617 606 796 692 praeditam
812 605 1048 672 demoraturum.
1072 606 1113 672 ad
1134 607 1217 672 baec

55 719 117 782 iam
145 726 202 783 tua
222 725 293 784 esto
317 717 512 783 existimatio
534 724 638 781 utrum
673 717 836 784 sororibus
858 735 916 802 pro
939 724 995 782 tna
1015 737 1091 782 cara
1112 717 1216 783 salute

29 828 199 894 ⁵sollicitis
228 828 387 894 adsentiri
423 828 507 894 uelis
535 835 567 893 et
592 826 759 914 *declinata
786 835 887 892 morte
914 827 1081 894 nobiscum
1103 845 1217 893 secura

55 938 185 1022 periculi
206 938 318 1004 uiuere
333 958 375 1002 an
392 919 604 1004 saeuissimae
619 937 745 1003 bestiae
766 938 897 1022 sepeliri
918 938 1108 1004 uisceribus.
1130 937 1215 1022 quod

57 1048 81 1113 si
101 1055 133 1113 te
155 1047 240 1114 ruris
261 1047 357 1114 huius
380 1048 503 1124 uocalis
525 1047 663 1113 solitudo
685 1048 738 1112 uel
760 1047 981 1114 clandestinae
1001 1048 1130 1114 ueneris
1152 1049 1215 1113 fae·

56 1159 110 1223 tidi
142 1147 378 1242 periculosique}
407 1157 593 1224 concubitus
622 1165 654 1222 et
682 1159 832 1223 ucn'enati
862 1159 1021 1242 serpentis
1049 1159 1218 1242 amplexus

57 1269 220 1352 delectant,
245 1276 330 1334 certe
346 1268 427 1351 vpiae
450 1287 577 1334 sorores
598 1274 743 1334 nostrum
764 1261 952 1334 fecerimus?

20 1375 43 1424 ¹⁰
136 1381 226 1444 Tunc
248 1377 374 1463 Psyche
396 1379 525 1444 misella
552 1385 661 1462 utpote
692 1379 830 1462 simplex
852 1385 884 1444 ct
905 1378 1005 1443 animi
1026 1378 1146 1443 tenella
1167 1397 1218 1442 ra-

57 1490 136 1572 pitur
157 1489 328 1562 uerborum
350 1496 416 1553 tam
438 1489 577 1554 tristium
598 1488 784 1554 tormidine:
807 1496 900 1554 extra
914 1489 1085 1554 termInum
1098 1488 1217 1554 mentis
1291 1485 1294 1491 ’

58 1618 129 1664 suae
166 1599 273 1684 posita
299 1619 431 1684 prorsus
468 1598 609 1664 omnium
646 1599 753 1663 mariti
787 1598 997 1664 monitionum
1026 1617 1219 1682 suarumque

57 1709 299 1792 promissionum
322 1709 509 1774 memoriam
544 1708 658 1774 effudit
685 1716 716 1773 et
743 1709 777 1773 in
810 1709 1001 1794 profundum
1014 1709 1218 1774 'calamitatis

58 1839 123 1885 sese
144 1819 371 1904 praecipitauit
392 1826 595 1904 tremensque
617 1825 649 1884 et
672 1821 812 1904 exangui
834 1821 939 1884 colore
960 1801 1067 1884 lurida
1087 1820 1218 1886 tertiata

21 1927 42 1975 ¹⁵
58 1930 152 1994 uerba
174 1929 360 1996 semihianti
381 1949 460 1994 uoce
484 1929 692 2014 substrepens
716 1929 763 1998 sic
784 1930 827 1995 ad
848 1930 923 1996 illas
945 1931 991 1994 ait

16 2035 44 2100 u]
134 2033 212 2106 ‘Vos
235 2039 363 2123 quidem
386 2040 575 2106 sanissimae
597 2059 741 2120 sorores,
779 2049 813 2105 ut
840 2061 900 2125 par
928 2047 1013 2120 crat,
1048 2043 1081 2111 in
1109 2043 1213 2109 officio
1235 2045 1365 2112 XVIIII

57 2158 177 2216 uestrae
199 2151 330 2235 pietatis
358 2150 571 2234 permaneus,
607 2169 717 2214 uerum
746 2158 779 2215 et
799 2151 847 2215 illi
869 2153 924 2234 qui
945 2151 1026 2216 talia
1047 2152 1140 2219 uobis
1161 2154 1231 2230 ad·-

58 2261 177 2326 firmant
198 2282 263 2326 non
285 2260 434 2325 uidentur
454 2261 534 2325 mibi
557 2260 761 2326 mendatium
781 2261 917 2344 fingere.
952 2281 1013 2326 nec
1046 2263 1129 2326 enlm
1153 2285 1218 2328 um-

58 2392 146 2455 quam
167 2371 228 2436 uiri
251 2373 314 2436 mei
346 2369 415 2436 uidi
450 2371 565 2435 lactem
598 2371 650 2437 uel
680 2371 810 2436 omnino
837 2373 952 2438 cuiatis
981 2373 1023 2438 sit
1051 2374 1125 2438 noui
1159 2375 1218 2441 sed

20 2474 44 2527 ²⁰
58 2488 173 2548 tanturn
195 2482 359 2548 nocturnis
383 2482 581 2555 subaudiens
603 2482 737 2549 uocibus
750 2483 901 2548 maritum
922 2485 1038 2550 incerti
1059 2491 1163 2552 status
1184 2493 1218 2551 et

59 2614 183 2677 prorsus
205 2593 378 2675 lucifugam
401 2594 502 2658 tolero
524 2591 726 2676 bestiamque
757 2594 899 2677 aliquam
930 2603 1015 2659 recte
1036 2594 1219 2664 dicentibus

58 2704 144 2771 uobis
166 2704 279 2768 merito
302 2702 477 2769 consentio.
499 2722 615 2786 meque
629 2720 827 2785 magnopere
841 2723 969 2786 semper
990 2724 1011 2769 a
1032 2706 1101 2771 suis
1121 2712 1219 2771 terret

17 2800 18 2805 ἵ
60 2814 233 2895 aspectibus
248 2814 431 2896 malumque
453 2812 576 2895 grande
599 2812 639 2878 de
661 2814 769 2879 uultus
784 2814 968 2880 curiositate
989 2816 1218 2897 praemisatur.

60 2942 136 2987 nunc
163 2924 287 3007 siquam
318 2924 492 2989 salutarem
528 2941 621 3006 opem
658 2923 853 3007 periclitanti
881 2924 983 2989 sorori
1005 2932 1134 2991 uestrae
1163 2947 1217 3011 po-

22 3026 45 3079 it
59 3034 143 3100 testis
164 3034 305 3117 adferre,
343 3035 408 3098 iam
437 3052 522 3098 nunc
551 3032 732 3114 subsistitc;
771 3040 910 3099 ceterum
933 3035 1056 3099 incuria
1077 3054 1217 3117 sequens

59 3145 165 3226 prioris
188 3144 412 3229 prouidentiae
434 3143 591 3209 beneficia
613 3137 811 3227 conrumpit.²

135 3258 224 3320 Tunc
246 3261 383 3320 nanctae
403 3256 468 3319 iam
490 3255 592 3339 portis
613 3252 800 3339 patentibus
822 3252 982 3318 nudatum
1004 3256 1124 3323 sororis
1146 3256 1216 3321 ani·

60 3383 136 3430 mun
164 3366 363 3431 facinerosae
399 3366 550 3431 mulieres
587 3364 717 3431 omissis
745 3370 848 3430 tectae
876 3365 1046 3430 machinae
1073 3367 1216 3434 latibulis

60 3472 212 3542 destrictis
233 3474 352 3558 gladiis
374 3474 534 3540 fraudium
568 3473 723 3559 simplicis
756 3475 884 3559 puellae
918 3484 1076 3560 pauentes
1098 3477 1218 3561 cogita·

23 3580 46 3633 ³0
59 3583 153 3652 tiones
174 3584 339 3651 inuadunt.
364 3586 410 3652 sic
425 3585 564 3668 denique
579 3585 681 3649 altera
699 3577 864 3668 ‘quonlam
881 3606 938 3651 nos
954 3568 1089 3679 originis
1111 3607 1213 3656 nexus
1235 3600 1298 3664 XX

120 3852 129 3900 1
150 3802 271 3917 lapago
296 3851 335 3909 itu
359 3845 421 3900 ccld.
439 3846 467 3899 iu
485 3845 513 3898 F
526 3859 623 3897 manus
640 3844 768 3909 secunda)
786 3846 831 3915 Fp
928 3850 943 3899 2
961 3848 1106 3960 pppatione
1123 3864 1150 3901 m
1166 3845 1215 3903 tui

94 3980 182 4019 rursus
216 3973 333 4027 casum)
362 3964 399 4027 F,
435 3962 611 4034 pgnatrone'
605 3978 634 4032 {p
660 3965 665 4033 q
690 3963 740 4022 tud
764 3983 784 4033 φ
853 3929 989 4021 ῑτ3ἰιιιο
991 3927 1027 4019 uF
1118 3972 1134 4019 4
1161 3974 1218 4021 esto

61 4058 161 4128 scripsi:
180 4061 219 4113 eft
236 4060 262 4111 F
337 4062 365 4111 15
392 4054 519 4167 lemrlanhtr
548 4068 567 4117 u
585 4066 651 4129 post
676 4060 728 4112 lem
752 4058 814 4112 cdd.
837 4075 935 4113 arunas
963 4058 1099 4123 secunda,
1125 4060 1218 4114 eudem

62 4177 185 4247 scripsit
174 4195 202 4232 ut
219 4194 320 4232 rasura
337 4182 383 4230 ἰτιι
400 4178 432 4243 F,
451 4128 560 4231 rengno
578 4196 597 4246 φ
683 4181 711 4230 21
733 4174 827 4245 luiugd
847 4192 881 4236 ior
899 4177 962 4231 add.
975 4195 1073 4232 mauras
1088 4178 1217 4245 secunda)

64 4264 85 4318 F
159 4271 313 4340 aimerico]
338 4277 433 4325 marrto
458 4270 503 4339 Fp
578 4286 692 4339 namque
716 4286 878 4340 magnopere
901 4287 944 4325 me
966 4273 1081 4326 coniecit
1102 4269 1218 4325 latoius

62 4361 88 4410 ll
104 4361 170 4418 hunc
187 4364 231 4433 Fp
