2934 4900
493 259 566 306 cur.
589 257 792 305 xxu-xxrx
1210 246 1249 307 53

71 412 163 478 tibus
192 411 384 496 deprecatus
413 413 548 478 abiectis
580 430 717 496 propere
749 410 876 476 laciniis
905 410 980 476 totis
1009 410 1106 476 auide
1135 432 1251 478 manus

72 522 219 588 immersi
247 528 279 586 et
307 521 434 586 haurito
462 523 609 610 plusculo
641 528 736 586 uncto
750 507 908 606 'corporis
930 521 994 586 mei
1015 522 1161 587 membra
1181 541 1251 607 per-

73 631 179 696 fricui.
217 633 346 716 iamque
368 633 503 699 alternis
525 631 691 698 conatibus
723 632 850 697 libratis
872 631 1014 698 brachiis
1036 632 1071 698 in
1093 652 1187 698 auem
1210 633 1251 699 si·

73 743 186 806 milem
207 742 403 826 gestiebam:
426 763 486 809 nec
507 744 593 808 ullae
607 745 771 828 plumulae
791 762 852 807 nec
867 762 1003 826 usquam
1019 742 1176 827 pinnulae
1192 741 1257 809 sed
1289 827 1291 834 y

43 853 175 937 aplane
196 853 255 936 pili
277 854 340 918 mei
356 859 541 920 crassantur
563 853 597 919 in
620 861 715 935 setas,
740 852 799 918 sed
820 853 903 918 eutis
925 853 1046 927 tenella
1067 851 1200 917 duratur
1217 852 1251 917 in

76 963 198 1027 corium
230 969 261 1028 et
288 965 322 1028 in
351 964 478 1054 extimis
507 963 659 1048 palmulis
688 963 815 1048 perdito
842 983 975 1028 numero
1004 964 1062 1028 toti
1084 962 1178 1047 digiti
1201 982 1251 1027 co-

75 1081 196 1157 guntur
217 1075 251 1139 in
274 1074 420 1157 singulas
436 1074 575 1158 ungulas
597 1080 629 1138 et
651 1073 692 1138 de
714 1075 829 1158 spinae
850 1093 942 1138 meae
967 1073 1103 1141 termino
1117 1072 1252 1156 grandis

12 1189 58 1256 40]
77 1183 182 1250 cauda
203 1184 357 1269 procedit.
394 1184 459 1249 iam
489 1183 589 1250 facies
618 1185 759 1251 enormis
788 1190 820 1250 et
847 1205 884 1250 os
913 1183 1073 1268 prolixum
1103 1191 1135 1248 et
1156 1203 1253 1249 nares

76 1294 207 1361 hiantes
230 1301 262 1360 et
283 1294 391 1360 labiae
413 1293 586 1378 pendulae.
624 1294 672 1360 sie
694 1301 726 1359 et
748 1314 843 1360 aures
869 1293 1039 1360 inmodicis
1060 1293 1254 1376 horripilant

27 1411 57 1458 10
77 1404 234 1471 auctibus.
272 1424 332 1470 neo
353 1407 453 1470 ullum
476 1405 613 1471 miserae
629 1404 867 1470 reformationis
889 1403 987 1469 uideo
1010 1404 1164 1470 solacium
1185 1402 1253 1470 nisi

77 1514 163 1598 quod
192 1514 270 1579 mihi
299 1515 364 1579 iam
400 1516 576 1599 nequeunti
613 1521 723 1581 tenere
752 1513 899 1579 Fotidem
929 1521 1046 1580 natura
1074 1514 1250 1580 crescebat.

76 1645 115 1689 ac
160 1624 237 1690 dum
284 1627 398 1692 salutis
447 1627 558 1710 inopia
600 1632 715 1690 cuncta
758 1625 902 1709 corporis
939 1624 1002 1689 mei
1039 1623 1251 1690 considerans
1273 1617 1367 1684 XXV

77 1756 141 1800 non
165 1755 259 1800 auem
283 1755 333 1800 me
356 1735 414 1801 sed
435 1736 562 1802 asinum
592 1735 687 1800 uideo
717 1755 856 1818 querens
878 1734 919 1800 de
941 1735 1025 1799 facto
1047 1733 1173 1800 Fotidis
1195 1733 1254 1800 sed

77 1848 142 1910 iam
157 1845 302 1911 humano
316 1853 411 1930 gestu
434 1846 530 1912 simul
553 1852 585 1910 et
606 1865 686 1914 uoce
707 1846 865 1931 priuatus,
889 1844 976 1929 quod
991 1845 1093 1909 solum
1109 1825 1254 1929 poteram

25 1980 54 2026 rs
75 1962 241 2041 postrema
262 1956 388 2023 deiecta
409 1956 506 2040 labia,
530 1955 649 2022 umidis
665 1935 783 2020 tamen
797 1955 898 2021 oeulis
921 1953 1059 2019 oblicum
1074 1955 1254 2038 respiciens
1359 1997 1365 2011 .

75 2067 238 2132 ad-illam
271 2067 388 2132 tacitus
417 2066 674 2151 expostulabam.
713 2086 797 2150 quae
824 2065 880 2130 ubi
909 2065 1047 2150 primum
1076 2083 1127 2128 me
1154 2066 1253 2129 talem

75 2176 214 2262 aspexit,
238 2177 398 2262 percussit
419 2177 534 2243 faciem
559 2197 649 2243 suam
665 2176 816 2242 manibus
838 2175 966 2242 infestis
989 2182 1021 2239 et
1039 2168 1160 2241 ‘occisa
1182 2196 1253 2241 sum

74 2280 209 2354 misera’
243 2288 403 2354 clamauit.
439 2282 503 2352 ‘me
525 2287 699 2372 trepidatio
730 2286 826 2352 simul
848 2292 880 2350 et
900 2284 1064 2351 festinatio
1086 2285 1199 2357 fefellit
1221 2291 1253 2350 et

74 2397 233 2485 pyxidum
263 2397 437 2465 similitudo
467 2397 603 2483 decepit.
641 2397 699 2465 scd
727 2397 811 2463 bene
840 2395 925 2481 quod
954 2395 1079 2462 facilior
1100 2396 1254 2461 reforma·

24 2522 53 2570 cc
74 2510 174 2575 tionis
197 2509 294 2575 huius
315 2509 444 2575 medela
459 2508 655 2593 suppeditat.
691 2529 767 2572 nam
790 2509 873 2574 rosis
896 2512 1019 2572 tantum
1035 2505 1253 2573 demorsitatis

73 2619 181 2686 exibis
204 2620 330 2685 asinum
354 2620 525 2701 statimque
547 2619 581 2683 in
610 2639 715 2684 meum
738 2618 873 2683 Lucium
899 2616 1098 2701 postliminio
1120 2617 1252 2683 redibis.

72 2738 175 2813 atque
198 2731 321 2796 utinam
337 2730 469 2814 uesperi
492 2728 643 2795 demere
666 2730 761 2795 nobis
783 2746 951 2812 parassem
966 2727 1104 2792 corollas
1125 2728 1253 2810 aliquas

72 2862 115 2907 ne
140 2861 264 2905 moram
293 2842 388 2905 talem
418 2839 577 2925 patereris
605 2840 658 2903 uel
686 2839 790 2903 noetis
822 2837 928 2903 unius.
967 2836 1025 2902 scd
1046 2837 1150 2919 primo
1173 2836 1253 2902 dilu-

72 2953 147 3017 culo
169 2951 348 3017 remedium
371 2951 575 3018 festinabitur
596 2941 678 3013 tibi'

24 3066 53 3114 25
161 3062 216 3127 Sic
239 3061 296 3126 illa
317 3061 492 3141 maerebat,
516 3080 577 3143 ego
599 3077 677 3123 uero
693 3076 887 3141 quamquam
909 3056 1069 3140 pedectus
1092 3054 1203 3122 asinus
1219 3062 1251 3120 et
1272 3062 1379 3127 XXVI

70 3194 132 3258 pro
155 3172 257 3237 Lucio
280 3172 457 3236 iumentum
481 3190 610 3237 sensum
639 3175 748 3233 tamen
770 3166 949 3233 retinebam
971 3166 1157 3231 humanum.
1194 3164 1251 3230 diu
1287 3219 1289 3224 .

70 3283 217 3366 denique
249 3301 288 3347 ac
316 3282 450 3347 multum
480 3298 604 3345 mecum
636 3278 708 3363 ipse
736 3276 916 3343 deliberaui
948 3296 991 3342 an
1020 3276 1250 3360 nequissimam

70 3392 450 3474 facinoresissimamque
480 3390 633 3474 feminam
664 3389 753 3454 illam
777 3386 894 3472 spissis
915 3386 1057 3453 calcibus
1079 3386 1199 3453 feriens
1221 3392 1253 3451 et

69 3502 237 3569 mordicus
259 3502 418 3587 adpetens
441 3519 558 3567 necare
588 3499 752 3565 deberem.
788 3497 846 3564 sed
868 3497 910 3562 ab
932 3498 1060 3582 incepto
1081 3497 1252 3561 temerario
1288 3515 1292 3520 ·

23 3622 52 3671 30
69 3614 190 3680 melior
219 3631 271 3678 me
301 3612 461 3697 sententia
489 3609 654 3677 reuocauit
681 3630 721 3675 ne
751 3614 853 3673 morte
877 3608 1013 3672 multata
1033 3605 1148 3671 Fotide
1170 3606 1253 3672 salu-

69 3734 163 3791 tares
196 3722 277 3789 mihi
312 3722 480 3807 suppetias
513 3740 624 3787 rursus
655 3720 887 3801 extinguerem.
923 3715 1047 3781 deiecto
1079 3716 1187 3797 itaque
1220 3723 1252 3781 et

71 3833 247 3919 quassanti
270 3832 376 3919 capite
399 3851 436 3897 ac
459 3831 647 3897 demussata
668 3828 839 3913 temporali
861 3826 1056 3892 contumelia
1077 3826 1249 3892 durissimo

70 3945 167 4013 casui
197 3964 268 4009 meo
298 3943 442 4011 serviens
471 3942 513 4009 ad
543 3962 661 4026 equum
689 3940 781 4004 illum
811 3944 971 4003 uectorem
999 3958 1105 4002 meum
1127 3936 1250 4020 probis-

140 4227 155 4277 2
173 4226 259 4277 uncta
276 4222 317 4287 F,
335 4225 418 4275 uncto
437 4238 457 4290 φ
526 4225 540 4273 5
560 4180 654 4283 maist
669 4216 732 4271 add.
753 4215 850 4269 ataid.
867 4212 1079 4274 monseunaco>
1099 4230 1133 4280 qr:
1153 4212 1210 4281 fcta
1228 4211 1257 4265 F

72 4320 102 4369 19
127 4315 339 4401 freformationrf
360 4319 392 4368 ut
419 4312 475 4367 uid.
494 4312 527 4366 F
631 4314 663 4364 20
681 4308 787 4374 hu1fF,
806 4304 871 4376 h’qr
983 4310 1014 4359 25
1034 4299 1142 4373 qubqud
1164 4306 1206 4359 sic
1228 4303 1257 4357 F

71 4413 102 4463 29
122 4402 369 4477 faemorofrfbmaq’
389 4426 409 4476 φ
502 4410 532 4460 31
552 4406 634 4459 mrchr
652 4404 681 4458 F
