2934 4900
150 250 212 314 218
661 266 754 313 umas
774 266 811 313 x1

148 423 301 487 animum.
339 440 414 486 nam
443 427 475 487 et
502 419 674 505 diemque
702 416 839 506 quisque
866 421 970 505 possit
995 420 1117 489 initiari
1139 418 1221 485 deae
1241 424 1323 484 nutu

152 532 365 599 demonstrari
386 537 419 596 et
439 530 638 598 saoerdotem
653 531 705 615 qui
730 552 824 598 saera
837 531 956 599 debeat
969 532 1151 599 ministrare
1172 528 1321 595 eiusdem

151 642 358 727 prouidentia
379 641 488 727 deligi,
510 649 657 726 sumptus
684 643 783 708 etiam
811 643 1017 709 caerimoniis
1046 640 1247 709 necessarios
1274 640 1321 705 ai-

151 754 222 819 mili
243 752 604 837 praeoapto'destinari.
646 772 730 837 quae
752 759 867 819 ounota
894 772 954 819 nos
977 772 1103 837 quoque
1124 749 1322 819 obseruabili

152 865 309 948 patientia
332 864 492 929 sustinere
513 860 667 930 oenseba't
687 864 808 950 quippe
831 883 902 929 oum
923 862 1072 929 auiditati
1087 861 1357 930 contumaciae-s

156 995 218 1059 que
240 993 364 1041 summe
378 993 494 1042 cauere
509 981 542 1041 et
556 980 723 1058 utramque
742 976 868 1057 eulpam
884 974 986 1039 uitare
1001 992 1039 1039 ao
1061 991 1166 1055 neque
1185 976 1321 1037 uooatus

151 1084 270 1151 morari
298 1104 370 1151 neo.
391 1104 458 1149 non
492 1085 601 1152 iussos
637 1085 792 1151 festinare
819 1084 980 1151 deberem.
1024 1104 1083 1150 neo
1110 1090 1222 1149 tamen
1249 1100 1323 1148 esse

153 1215 348 1280 quemquam
370 1194 411 1260 de
433 1215 491 1261 suo
512 1214 644 1261 numero
666 1200 732 1261 tam
762 1194 908 1279 perditae
929 1195 1046 1261 mentis
1068 1195 1121 1261 uel
1147 1194 1246 1259 imme
1267 1190 1323 1257 de·

154 1307 292 1373 stinatae
313 1305 426 1371 mortis
448 1305 504 1388 qui
531 1325 597 1370 non
625 1306 688 1372 sibi
716 1325 843 1390 quoque
865 1326 1009 1373 seorsum
1037 1304 1168 1371 iubente
1189 1303 1324 1369 domina

152 1415 361 1483 temerarium
389 1421 486 1498 atque
515 1416 707 1500 saerilegum
735 1416 856 1482 audeat
888 1416 1102 1482 ministerium
1130 1414 1239 1482 subire
1267 1418 1376 1479 no-10

156 1546 296 1610 namque
317 1527 449 1591 letalem
470 1525 668 1592 contrahere.
691 1546 767 1593 nam
790 1535 821 1591 et
842 1527 976 1593 interum
992 1527 1134 1592 claustra
1155 1531 1187 1591 et
1208 1523 1330 1589 salutis

153 1637 287 1705 tutelam
308 1636 342 1700 in
364 1634 446 1701 deae
474 1656 572 1701 manu
599 1636 706 1720 posita
741 1638 910 1721 ipsamque
932 1636 1133 1703 traditionem
1157 1634 1200 1701 ad
1221 1635 1347 1699 instar·

152 1746 356 1812 uoluntariae
378 1747 492 1812 mortis
514 1753 547 1812 et
566 1748 732 1830 precariae
761 1748 873 1813 salutis
902 1747 1073 1826 celebrari,
1103 1746 1223 1830 quippe
1248 1764 1327 1809 oum

154 1858 328 1924 transactis
349 1856 436 1921 uitae
457 1857 656 1941 temporibus
691 1859 757 1923 iarn
793 1859 828 1924 in
863 1859 935 1941 ipso
971 1858 1082 1923 finitae
1110 1856 1189 1929 lunis
1211 1855 1326 1921 limine

157 1968 352 2035 constitutos
374 1967 446 2051 quis
469 1957 576 2037 tamen
598 1974 666 2034 tuto
694 1970 820 2053 possint
840 1988 960 2052 magna
981 1968 1148 2050 religionis
1170 1966 1329 2033 committi
1347 1963 1378 2013 ¹⁵

158 2078 296 2162 silentia,
319 2097 439 2143 numen
461 2076 542 2144 deae
564 2078 667 2145 soleat
687 2079 805 2145 elioere
827 2086 860 2167 et
881 2099 941 2146 sna
962 2077 1169 2164 prouidentia
1183 2074 1328 2160 quodam

154 2188 252 2254 modo
272 2194 403 2255 renatos
424 2187 467 2254 ad
489 2208 594 2255 nouae
614 2209 771 2273 reponere
793 2208 906 2257 rursus
928 2190 1043 2256 salutis
1056 2188 1223 2253 oumioula.
1247 2206 1328 2271 ergo

154 2299 252 2383 igitur
272 2319 324 2364 me
346 2318 473 2382 quoque
490 2305 637 2382 oportere
651 2301 792 2367 eoeleste
814 2301 972 2367 sustinere
988 2305 1194 2385 praeceptum
1210 2318 1328 2382 quam·

156 2416 251 2495 qua'm
280 2409 458 2495 praecipua
483 2390 689 2506 euidentique
724 2411 836 2494 magni
869 2411 1011 2478 numinis
1041 2409 1229 2494 dignatione
1259 2408 1329 2474 iam

155 2520 276 2586 dudum
298 2519 383 2584 ielioi
407 2519 584 2586 ministerio
617 2529 836 2606 nuncupatum
869 2522 1128 2606 destinatumque
1149 2539 1208 2586 nee
1227 2538 1329 2588 senus
1348 2525 1381 2576 2⁰

154 2651 251 2716 quam
287 2630 423 2696 cultores
460 2631 558 2696 aeteri
594 2631 677 2726 olbis
716 2633 861 2715 profanis
896 2652 934 2698 ae
972 2633 1104 2698 nefariis
1139 2632 1205 2698 iam
1240 2649 1330 2696 nuno

154 2748 336 2826 temperare
358 2725 421 2824 quo
441 2742 560 2808 reetius
583 2741 626 2807 ad
648 2762 768 2808 aroana
790 2743 984 2828 purissimae
1011 2743 1178 2826 religionis
1195 2745 1330 2808 secreta

155 2851 376 2936 peruaderem.

31 2960 132 3027 XXII
237 2963 374 3028 Dixerat
395 2961 546 3029 saoerdos
567 2982 629 3028 neo
651 2963 845 3046 inpatientia
858 2965 1121 3048 corrumpebatur
1135 2963 1328 3048 obsequium

154 3094 260 3140 meum
289 3072 347 3139 sed
374 3073 517 3139 intentus
546 3073 616 3139 miti
643 3075 751 3157 quiete
780 3081 811 3140 et
838 3073 999 3159 probabili
1032 3074 1249 3140 taeiturnitate
1277 3093 1329 3141 se·
1349 3085 1381 3134 25

155 3172 265 3250 dulum
288 3189 365 3268 quot
386 3183 457 3250 dies
478 3183 610 3249 obibam
631 3185 776 3250 culturae
805 3203 968 3251 saororum
1000 3186 1222 3251 ministerium.
1266 3203 1330 3250 neo

155 3315 207 3362 me
228 3294 342 3361 fefellit
363 3295 417 3360 uel
438 3294 528 3377 longi
549 3295 703 3380 temporis
723 3295 903 3378 prolatione
932 3296 1086 3362 oruoianit
1113 3295 1194 3362 deae
1214 3301 1330 3381 poten-

155 3406 198 3472 tis
220 3405 404 3489 benignitas
430 3405 586 3471 salutaris
613 3404 672 3470 sed
698 3406 803 3472 nootis
833 3406 990 3473 obscurae
1017 3427 1083 3472 non
1104 3406 1248 3473 obsouris
1270 3406 1330 3472 im-

155 3516 254 3601 periis
276 3514 443 3581 euidenter
465 3515 587 3581 monuit
607 3514 782 3582 aduenisse
797 3515 882 3581 diem
898 3516 977 3581 mihi
999 3535 1127 3601 semper
1141 3516 1327 3602 optabilem,

157 3646 220 3710 quo
242 3646 294 3691 me
315 3626 459 3691 maxumi
488 3626 554 3691 uoti
588 3626 785 3710 oompotiret,
809 3633 993 3711 quantoque
1018 3634 1148 3712 sumptu
1175 3626 1329 3695 deberem
1350 3642 1383 3693 30

157 3754 335 3820 proourare
347 3736 622 3819 supplicamentis,
644 3737 814 3822 ipsumque
829 3736 979 3803 Mithram
1001 3738 1091 3803 illurn
1107 3757 1200 3804 suum
1223 3757 1330 3806 saeer-

157 3846 264 3912 dotem
285 3847 496 3930 praeeipuam
511 3846 621 3913 diuino
636 3847 776 3932 quodam
800 3847 963 3914 stellarum
979 3847 1144 3922 oonsortio·
1161 3855 1195 3913 ut
1217 3850 1331 3916 aiebat

159 3958 240 4023 mihi
262 3957 465 4022 ooniunotum
487 3976 650 4023 sacrorum
672 3957 854 4023 ministrum
876 3956 1029 4024 desernit.

224 4139 402 4246 3cerrmom¹l
417 4175 445 4229 F
517 4179 718 4245 taquamquam
735 4175 764 4228 F
836 4181 868 4230 20
885 4175 1030 4246 fehorle
1118 4179 1149 4228 22
1168 4175 1288 4230 archana
1306 4177 1337 4232 F

156 4274 189 4323 25
207 4276 312 4324 mtenta
329 4269 376 4335 F',
392 4270 513 4324 mtentul
528 4290 547 4338 φ
633 4273 666 4324 26
684 4273 760 4338 quot]
778 4267 815 4337 qd
829 4269 881 4338 Fp,
901 4268 1113 4325 dormitandum
1125 4269 1261 4339 quinque?
1280 4271 1330 4339 (cf.

157 4388 215 4451 223,
232 4388 267 4439 26
275 4385 376 4451 decem)
445 4392 478 4441 30
496 4388 655 4457 compotiret
671 4387 797 4459 Lipsius.-
815 4369 947 4458 obpetsrdt
965 4388 1007 4458 Fp
1078 4392 1110 4442 32
1128 4350 1208 4444 duino
1225 4387 1254 4442 F
