2934 4900
98 231 102 242 “
139 253 202 315 216
490 316 492 320 ,
645 266 739 314 arsur
761 266 798 315 ιιι

138 420 313 506 populures
334 419 453 486 thallos
469 418 636 486 uerbenas
658 420 795 485 corollas
823 418 964 484 ferentes
993 415 1188 487 exosculatis
1209 418 1313 483 uesti-

105 617 108 623 ,
138 532 202 616 giis
224 529 308 597 deae
336 549 420 612 quae
447 514 603 613 gradibus
634 528 793 595 haerebat
825 534 959 612 argento
991 528 1130 593 formata
1157 526 1202 593 ad
1229 547 1305 617 suos

138 640 310 709 discedunt
330 640 426 707 lares.
470 659 531 706 nec
561 647 670 705 tumen
703 658 755 705 me
778 638 906 706 sinebat
926 639 1053 705 animur
1075 656 1183 723 ungue
1210 638 1307 705 latius

138 750 281 817 indidem
303 749 430 834 digredi
453 750 512 819 sed
534 750 677 818 intentus
697 751 730 813 ia
745 749 826 817 deae
849 749 1012 833 specimen
1034 748 1188 834 pristinos
1209 768 1305 815 casus

138 880 229 929 meos
249 861 453 928 recordabar.
609 918 614 927 .
1327 872 1348 921 5

6 961 120 1031 XVIII
226 972 295 1039 Nec
315 979 423 1037 tamen
437 972 549 1037 Fama
568 971 709 1037 uolucris
731 970 826 1055 pigra
847 971 1019 1055 pinnarum
1034 967 1186 1035 tarditate
1200 988 1307 1036 cessa·

138 1089 231 1149 uerat
252 1081 311 1149 sed
331 1082 479 1166 protinus
501 1067 536 1148 in
556 1081 664 1165 patria
684 1079 767 1148 deae
795 1079 995 1165 procidentis
1016 1079 1184 1147 adorabile
1206 1079 1307 1147 bene-

138 1193 244 1259 ficium
266 1212 437 1276 meamque
456 1192 561 1275 ipsius
580 1192 739 1257 fortunam
762 1190 1003 1259 memorabilem
1017 1196 1209 1257 narrauerat
1228 1210 1309 1275 pas-

139 1302 209 1368 sim.
255 1303 423 1369 confestim
455 1301 595 1386 denique
627 1302 805 1369 familiares
833 1321 872 1367 ao
903 1304 1058 1368 uernulas
1085 1301 1205 1385 quique
1225 1300 1307 1365 mihi

137 1412 286 1497 proximo
307 1431 393 1493 nera
415 1403 585 1496 sanguinis
606 1412 840 1494 cohaerebant,
870 1414 956 1478 luctu
978 1411 1125 1498 deposito
1148 1432 1243 1496 quem
1265 1413 1309 1478 cle
1330 1430 1367 1479 ro

137 1540 230 1589 meae
252 1523 363 1590 mortis
385 1524 470 1589 falso
490 1522 603 1588 nuntio
625 1533 845 1606 susceperant
869 1523 1038 1608 repentino
1060 1524 1171 1589 laetati
1185 1523 1309 1607 gaudio

137 1633 230 1699 uarie
251 1632 387 1718 quIsque
414 1632 650 1699 munerabundi
672 1632 716 1698 ad
745 1652 850 1701 mcum
878 1634 1034 1701 festinant
1060 1633 1133 1699 ilico
1155 1632 1311 1732 liburnum

136 1742 352 1827 reducemque
365 1745 408 1810 ab
422 1744 534 1811 inierIs
549 1751 764 1828 conspectum.
786 1763 921 1828 quorum
936 1744 1108 1827 desperata
1122 1744 1193 1827 ipse
1208 1744 1311 1809 etiam

138 1853 222 1919 facie
243 1861 406 1921 recreatus
428 1854 610 1921 oblationes
631 1853 786 1922 honestas
807 1854 904 1938 aequi
926 1854 1066 1939 bonique
1088 1854 1169 1919 facio
1185 1854 1309 1939 quippe

137 1983 209 2028 cum
230 1963 309 2029 mibi
331 1964 509 2031 familiares
524 1963 610 2048 quod
632 1964 675 2029 ad
697 1964 816 2031 cultum
832 1972 1056 2048 sumptumque
1077 1965 1212 2048 largiter
1232 1985 1311 2047 sup
1332 1975 1367 2025 15

136 2080 262 2158 peteret
281 2073 408 2144 deferre
428 2074 599 2158 prospicue
622 2082 798 2142 curassent.

0 2169 116 2235 VHII
226 2184 353 2253 Adfatis
374 2185 485 2269 itaque
505 2205 547 2251 ex
568 2184 672 2250 officio
701 2186 839 2269 singulis
866 2186 1069 2270 narratisque
1094 2184 1197 2268 ,probe
1223 2186 1310 2252 meis

138 2301 178 2372 et,
202 2294 348 2379 pristinis
384 2295 545 2361 aerumnis
573 2303 605 2361 et
632 2295 861 2379 praesentibus
883 2296 1011 2379 gaudiis
1034 2315 1085 2362 me
1113 2316 1240 2362 rursum
1262 2295 1310 2362 ad

137 2404 220 2471 deae
241 2405 460 2489 gratissImum
474 2406 555 2472 mibi
577 2406 680 2472 refero
695 2414 902 2490 conspectum
920 2404 1117 2492 aedibusque
1138 2406 1307 2474 conductis

136 2515 223 2580 intra
256 2523 466 2599 consaeptum
498 2517 610 2601 templi
642 2517 744 2583 larem
775 2518 1004 2602 temporarium
1032 2517 1112 2584 mihi
1145 2517 1305 2584 constituo
1326 2486 1404 2617 {2⁰65}

137 2623 219 2690 deae
240 2625 429 2692 ministeriis
451 2625 558 2693 adhuc
585 2630 723 2713 priuatis
750 2627 920 2714 adpositus
949 2619 1229 2710 contuberniisque
1252 2642 1325 2695 ιιι-1

136 2734 301 2800 cerdctum
322 2735 510 2804 Indiuiduus
532 2744 564 2803 ct
584 2738 727 2805 numinis
750 2737 860 2822 magni
883 2738 984 2804 cultor
1004 2738 1221 2822 insperabilis.
1243 2758 1306 2804 nee

135 2845 196 2911 fuit
217 2864 283 2912 nox
305 2829 372 2912 una
392 2847 444 2912 uel
467 2848 558 2932 quies
580 2848 691 2933 aliqua
712 2849 786 2915 uisu
801 2847 882 2914 deae
904 2850 1090 2931 monituque
1110 2848 1221 2916 ieiuna
1242 2848 1303 2915 sed

127 2956 258 3034 ¹crebris
279 2956 425 3042 imperiis
453 2959 553 3025 sacris
581 2960 648 3026 suis
676 2979 727 3024 me
759 2959 823 3024 iam
852 2958 973 3025 dudum
1002 2958 1196 3026 destinatum
1219 2979 1306 3024 nunc

135 3066 249 3132 saltem
271 3067 424 3133 censebat
444 3067 575 3134 initiari.
619 3075 655 3133 at
675 3088 736 3152 ego
759 3089 954 3152 quamquam
976 3069 1115 3152 cupienti
1138 3071 1304 3135 uoluntate
1324 3080 1363 3131 ιι

136 3175 305 3259 praeditus
326 3184 434 3243 tamen
455 3178 609 3262 rebgiosa
629 3179 800 3246 formidine
814 3179 1013 3262 retardabar,
1036 3179 1123 3261 quod
1144 3179 1230 3246 enim
1251 3199 1303 3247 se·

136 3284 212 3351 dulc
234 3294 500 3369 percontuueram
522 3287 654 3355 difficile
682 3290 850 3374 religionis
881 3290 1069 3374 obsequium
1096 3296 1130 3356 et
1157 3289 1303 3356 castimo

134 3396 261 3462 nicrum
282 3396 510 3464 abstinentiam
539 3398 620 3465 satis
649 3399 783 3466 arduam
816 3407 971 3483 cautoque
1000 3402 1231 3484 circumspectu
1252 3402 1303 3466 ui-

134 3513 200 3572 tam
223 3527 306 3590 quae
329 3508 436 3574 multis
457 3509 587 3576 casibus
609 3509 756 3576 subiacet
742 3517 850 3578 tasse
871 3510 1087 3578 muniendam.
1111 3512 1191 3579 haec
1211 3512 1302 3578 iden-

134 3615 235 3683 tidem
257 3637 381 3683 mecum
409 3627 564 3703 reputans
585 3619 695 3687 nescio
725 3641 787 3705 quo
809 3619 904 3686 modo
927 3641 1121 3706 quamquam
1143 3623 1303 3690 festinans
1320 3625 1362 3676 30

135 3727 335 3793 differebam.

53 3837 117 3902 XX
223 3839 339 3905 Nocte
346 3838 485 3921 quadam
501 3840 631 3924 plenum
646 3843 803 3924 gremium
819 3861 911 3907 suum
933 3841 1024 3908 uisus
1045 3849 1095 3910 est
1116 3841 1195 3908 mibi
1218 3863 1305 3910 sum-

199 4073 262 4129 lin
278 4073 343 4128 add.
366 4073 451 4144 culpo
538 4080 568 4128 15
587 4075 660 4145 quod
682 4076 718 4130 ad
743 4074 921 4131 Stercecbics:
944 4076 1033 4146 quoad
1057 4077 1086 4132 F
1151 4077 1307 4146 suppeteret

131 4166 312 4223 stewechius:
330 4166 490 4221 succedet&
508 4168 650 4237 (frettoff
719 4173 747 4224 l'l
767 4169 865 4224 Affatrf
878 4169 901 4240 f,
962 4171 1048 4240 probe
1064 4171 1129 4226 mais
1143 4176 1171 4224 et
1186 4172 1306 4243 sabra:

131 4261 231 4330 merlp
249 4259 273 4313 lc
289 4261 332 4329 Fp
401 4263 434 4312 20
434 4255 545 4368 clepth
562 4262 588 4312 F
669 4266 702 4317 23
721 4277 800 4316 eruna
814 4264 843 4327 F,
862 4278 897 4316 er
888 4278 1039 4332 ιιιιιφ.
1068 4268 1099 4318 25
1118 4268 1144 4318 et
1161 4267 1193 4318 30
1213 4281 1304 4334 quan·

133 4392 213 4446 quam
230 4376 259 4431 F
339 4381 369 4430 27
388 4379 498 4434 retabar
513 4379 573 4444 (rda
591 4379 653 4434 aad.
671 4396 769 4435 manas
791 4381 962 4447 sacerodalF
