2934 4900
590 294 663 341 eso.
685 291 875 340 xx1—xx111
1102 288 1103 293 ’
1164 362 1165 369 ¹
1258 277 1320 342 219

235 444 316 525 Quis
337 453 370 521 et
391 446 507 512 ceteris
528 425 690 512 beniuolis
712 445 895 528 praeceptis
910 445 1078 510 summatis
1094 442 1174 511 deae
1196 464 1320 511 recrea-

151 562 206 622 tus
227 555 328 621 animi
354 556 492 622 necdum
515 556 595 623 satis
624 556 696 621 luce
724 554 833 621 lucida
861 554 1010 622 discussa
1038 557 1145 637 quieta
1174 555 1320 639 protinus

150 664 194 731 ad
214 667 450 749 receptaculum
478 666 655 732 sacerdotis
683 662 841 732 contendo
870 671 966 749 atque
994 684 1067 730 eum
1095 653 1240 731 cubiculo
1263 686 1321 732 suo

149 776 349 841 commodum
385 775 597 860 prodeuntem
633 777 838 842 continuatus
875 776 990 842 saluto.
1043 772 1136 841 solito
1173 783 1321 842 constan·

55 934 60 945 .
114 890 130 939 5
149 888 214 953 tius
232 886 471 953 destinaueram
493 888 558 952 iam
572 888 662 953 uelut
675 885 820 951 debitum
835 886 935 952 sacris
951 885 1140 971 obsequium
1162 885 1322 970 flagitare.

53 990 132 1053 [²⁶⁸]
151 1005 185 1063 at
206 998 262 1063 ille
285 998 393 1063 statim
416 1004 451 1062 ut
472 1017 524 1062 mc
539 998 706 1081 conspexit
728 996 817 1080 prior
836 987 876 1061 ‘o'
902 994 1006 1091 inquit
1025 990 1117 1061 ‘Luci
1139 1004 1171 1061 te
1185 996 1320 1080 felicem,

150 1115 182 1173 te
203 1108 334 1173 beatum
356 1127 452 1190 quem
473 1108 613 1192 propitia
635 1108 801 1173 uoluntate
824 1125 944 1172 numen
959 1113 1131 1189 augustum
1153 1112 1321 1191 tantopere

144 1218 316 1303 dignatur!
338 1223 387 1284 .et
408 1209 493 1300 quid'
517 1218 621 1299 inquit
640 1212 718 1282 ‘iam
741 1236 827 1284 nunc
854 1222 922 1282 stas
945 1216 1067 1283 otiosus
1097 1223 1193 1301 teque
1216 1218 1322 1300 ipsum

149 1328 350 1394 demoraris?
386 1326 480 1395 adest
501 1328 561 1393 tibi
583 1326 654 1395 dies
687 1328 772 1393 uotis
794 1326 941 1395 adsiduis
963 1334 1133 1410 exoptatus
1156 1345 1218 1408 quo
1241 1326 1323 1393 deae

98 1442 131 1491 to
150 1438 383 1504 multinominis
394 1437 515 1504 diuinis
526 1438 671 1522 imperiis
682 1458 741 1533 per
760 1439 840 1505 istas
852 1456 941 1504 meas
959 1457 1074 1503 manus
1096 1437 1251 1521 piissimis
1274 1456 1323 1503 sa·

150 1569 276 1614 crorum
287 1549 415 1615 arcanis
429 1544 614 1615 insinueris'
627 1550 785 1615 etiniecta
798 1548 932 1615 dextera
940 1566 1040 1615 senex
1050 1548 1255 1614 comissimus
1267 1546 1323 1611 du-

150 1660 195 1723 cit
215 1678 270 1752 me
289 1660 436 1743 protinus
447 1658 490 1723 ad
500 1660 592 1744 ipsas
603 1660 687 1730 fores
698 1659 790 1724 aedis
801 1658 1022 1744 amplissimae
1034 1658 1159 1742 rituque
1174 1657 1322 1724 sollemni

151 1770 329 1853 apertionis
351 1770 513 1835 celebrato
545 1759 722 1836 ministerio
752 1790 790 1835 ac
821 1770 976 1834 matutino
1005 1774 1134 1852 peracto
1164 1767 1320 1835 sacrificio

151 1880 195 1946 de
215 1880 337 1965 opertis
364 1878 455 1965 adyti
483 1880 605 1963 profert
627 1879 788 1964 quosdam
821 1880 920 1945 libros
948 1878 1061 1945 litteris
1089 1877 1323 1963 ignorabilibus

100 2002 131 2051 te
152 1995 369 2074 praenotatos,
392 1990 510 2075 partim
533 1989 646 2074 figuris
668 1991 822 2074 cuiusque
850 1988 938 2055 modi
960 1988 1148 2055 animalium
1176 1987 1324 2073 concepti

152 2092 309 2167 sermonis
331 2099 561 2184 compendiosa
582 2100 683 2165 uerba
704 2107 923 2184 suggerentes,
949 2100 1066 2187 partim
1087 2098 1220 2165 nodosis
1230 2104 1270 2177 get
1290 2098 1325 2163 in

150 2210 280 2277 modum
309 2217 400 2277 rotae
429 2209 581 2275 tortuosis
615 2211 888 2295 capreolatimque
924 2208 1095 2275 condensis
1129 2208 1276 2293 apicibus
1304 2228 1325 2273 a

151 2320 336 2387 curiositate
356 2321 562 2405 profanorum
577 2320 714 2387 lectione
728 2320 860 2385 munita.
897 2318 1041 2385 indidem
1056 2318 1136 2383 mihi
1156 2317 1324 2403 praedicat

115 2485 118 2492 .
152 2452 236 2517 quae
258 2431 363 2497 forent
383 2430 426 2497 ad
448 2453 544 2498 usum
564 2431 683 2498 teletae
705 2430 887 2498 necessario
911 2428 1147 2516 praeparanda.
1192 2448 1233 2495 ea
1253 2450 1324 2513 pro·
1350 2432 1464 2500 XXIII

100 2553 135 2604 ao
153 2545 239 2608 tinus
260 2542 386 2608 nauiter
401 2548 434 2608 et
447 2542 795 2627 aliquantoliheralius
810 2542 928 2628 partim
943 2541 1014 2626 ipse
1029 2541 1146 2624 partim
1161 2559 1219 2624 per
1236 2559 1325 2606 meos

154 2654 260 2720 socios
282 2635 623 2738 coemenda'procuro.
668 2653 797 2737 iamque
819 2660 964 2738 tempore
986 2657 1021 2716 ut
1043 2651 1152 2716 aiebat
1174 2649 1325 2716 sacerdos

153 2764 189 2829 id
208 2764 393 2849 postulante
408 2763 561 2847 stipatum
576 2783 628 2828 mc
642 2763 796 2847 religiosa
815 2763 944 2828 cohorte
959 2760 1089 2828 deducit
1104 2759 1147 2825 ad
1161 2759 1325 2845 proximas

153 2874 290 2940 balneas
312 2879 344 2939 ct
365 2873 455 2958 prius
478 2879 569 2939 sueto
591 2853 722 2937 lauacro
736 2873 889 2938 traditum
904 2873 1069 2957 praefatus
1085 2869 1179 2937 deum
1196 2858 1325 2936 ueniam
1419 2880 1424 2894 '

154 2985 327 3070 purissime
349 2983 579 3048 circumrorans
594 2983 697 3048 abluit
717 3002 906 3066 rursumque
928 2981 971 3046 ad
986 2981 1139 3066 templum
1162 2979 1325 3046 reductum

100 3107 136 3157 ae
154 3097 220 3161 iam
249 3094 375 3160 duabus
404 3092 470 3160 diei
497 3093 644 3178 partibus
673 3094 845 3160 transactis
873 3099 950 3158 ante
977 3073 1052 3177 ipsa
1078 3090 1160 3157 deae
1188 3091 1327 3173 uestigia

154 3205 319 3270 constituit
346 3210 534 3288 secretoque
562 3203 725 3270 mandatis
755 3202 947 3287 quibusdam
976 3221 1058 3286 quae
1086 3221 1165 3268 uoce
1193 3201 1327 3266 meliora

155 3321 239 3397 sunt,
261 3313 342 3379 illud
363 3314 461 3398 plane
483 3313 606 3378 cunctis
627 3314 758 3380 arbitris
773 3315 931 3399 praecipit
954 3312 1065 3379 decem
1080 3312 1239 3376 continuis
1262 3311 1327 3376 illis

158 3424 272 3490 diebus
301 3424 455 3489 cibariam
485 3425 682 3508 uoluptatem
710 3423 913 3489 cohercerem
942 3443 1045 3507 neque
1079 3423 1178 3487 ullum
1207 3422 1330 3487 animal
1441 3429 1444 3438 ⁴

157 3555 264 3601 essem
286 3541 318 3599 et
338 3534 480 3600 inuinius
502 3554 617 3600 essem.
652 3531 733 3617 'quis
756 3533 934 3600 uenerabili
956 3533 1153 3598 continentia
1182 3532 1242 3598 rite
1265 3553 1328 3598 ser·

106 3651 141 3702 30
159 3644 245 3711 uatis
266 3646 332 3710 iam
354 3642 424 3710 dies
447 3643 559 3710 aderat
586 3645 698 3710 diuino
720 3643 899 3711 destinatus
927 3643 1112 3708 uadimonio
1135 3650 1167 3708 et
1189 3643 1238 3708 sol
1261 3662 1328 3708 cur-

157 3762 253 3821 uatus
275 3754 459 3819 intrahebat
480 3774 658 3840 uesperam.
695 3761 762 3831 tum
785 3773 858 3820 ecce
881 3753 1043 3820 confluunt
1057 3751 1199 3836 undique
1214 3753 1328 3818 turbae

156 3885 320 3933 sacrorum
341 3865 405 3929 ritu
427 3870 553 3932 uetusto
575 3866 676 3932 uariis
698 3865 833 3948 quisque
854 3883 906 3928 me
925 3862 1111 3929 muneribus
1133 3862 1328 3930 honorantes

224 4077 391 4185 4contmht3
409 4121 438 4180 (u
455 4115 519 4170 add.
536 4132 606 4170 maa.
624 4115 754 4182 secanda)
772 4116 803 4182 F,
822 4117 1010 4186 continetulp
1087 4113 1185 4184 ttrnqd
1203 4113 1232 4167 F
1298 4119 1327 4168 n

156 4209 282 4265 archamt
296 4210 325 4264 F
409 4214 439 4263 14
456 4209 523 4263 aditi
546 4210 571 4260 F
658 4214 688 4262 15
707 4209 836 4278 cuiusque
861 4209 933 4264 modi
947 4205 1068 4290 ‘smqrst‘
1092 4208 1272 4264 emurcemom
1291 4228 1329 4277 φ,

155 4304 351 4358 cuiuscemoF
435 4303 635 4372 28c1barraf:
658 4304 774 4398 orbanal
789 4303 834 4372 Fp
869 4372 897 4413 ue
929 4308 960 4357 29
986 4304 1151 4358 continenti
1179 4302 1245 4372 (fuit
1266 4291 1282 4365 ⁸)
1307 4303 1335 4356 F

157 4426 191 4476 so
211 4451 221 4474 .
239 4421 294 4476 uer
309 4422 377 4488 (fao
393 4423 418 4487 o
437 4423 466 4477 a
529 4422 641 4477 aeneas
658 4423 686 4476 a
712 4401 719 4414 ⁴
767 4427 796 4478 ar
816 4424 936 4478 maroa
952 4423 981 4476 a
