2934 4900
520 248 593 295 aar.
611 247 717 294 11—-v1
745 308 749 314 Ι
1174 231 1211 296 81

56 403 151 464 otest
172 406 289 465 natura
318 397 490 474 redditum,
526 399 653 468 nouitas
681 419 740 484 per
762 398 929 471 assiduam
951 397 1214 468 consuetudinem

60 507 298 576 delectationem
311 509 341 574 ei
356 509 596 576 commendarat
611 517 642 576 et
658 531 756 576 sonus
771 509 860 576 noeis
876 510 1016 576 incertae
1032 508 1214 575 solitudinis

56 625 118 682 erat
129 619 293 684 solacium.
317 621 442 686 interca
450 628 602 705 parentes
612 620 681 687 eius
689 619 851 688 indefesso
863 621 949 685 luctu
960 627 1056 703 atque
1068 638 1215 685 maerore

56 730 338 812 consenescebant,
361 731 521 814 latiusque
543 738 689 815 porrecta
710 731 797 796 lama
820 749 946 796 sorores
977 731 1055 795 illae
1076 730 1214 795 maiores

29 861 41 908 s
57 847 163 907 cuncta
175 848 351 924 cognorant
365 861 566 927 propereque
575 849 720 908 maestae
732 847 829 924 atque
842 840 995 924 lugubres
1006 839 1134 909 desento
1145 841 1215 906 lare

57 951 193 1014 certatim
220 949 262 1016 ad
290 957 459 1035 parentum
489 971 617 1016 suorum
640 958 845 1035 conspectum
875 949 1079 1034 adlatumque
1106 969 1216 1035 perre-

58 1067 173 1125 xerant.
197 1079 236 1127 ea
258 1068 350 1125 nocte
373 1060 415 1126 ad
438 1081 529 1127 suam
551 1062 700 1146 Psychen
722 1062 769 1128 sic
784 1049 857 1126 infit
869 1062 1003 1127 maritus
1017 1096 1060 1106 -
1075 1080 1214 1144 namque
1237 1063 1265 1125 V

57 1178 176 1253 praeter
198 1172 306 1237 oculos
329 1178 360 1236 et
381 1172 530 1237 manibus
553 1179 584 1238 et
606 1173 738 1238 auribus
760 1172 822 1237 iste
843 1171 934 1236 Nihil
956 1170 1154 1237 sentiebatur
1174 1205 1217 1215 —

131 1275 269 1364 ‘Psyche
292 1280 480 1348 dulcissima
502 1289 534 1347 et
555 1302 631 1348 cara
653 1303 750 1364 uxor,
775 1281 938 1347 exitiabile
960 1281 1019 1347 tibi
1040 1280 1216 1364 periculum

23 1403 44 1452 lo
59 1391 189 1456 minatur
210 1393 339 1456 fortuna
360 1393 487 1458 saeuior
522 1392 607 1476 quod
643 1391 879 1458 obseruandum
908 1392 1069 1475 pressiore
1091 1385 1218 1457 cauteld

59 1519 174 1566 censeo.
218 1522 344 1568 sorores
381 1504 445 1566 iam
475 1509 549 1568 tuae
577 1503 688 1569 mortis
711 1503 861 1586 opinione
889 1502 1037 1567 turbatae
1065 1507 1218 1584 tuumque

59 1612 221 1694 uestigium
244 1614 443 1697 requirentes
466 1614 632 1698 scopulum
654 1613 750 1678 istum
773 1612 918 1696 protinus
935 1612 1070 1677 aderunt
1085 1630 1220 1694 quarum

61 1723 162 1804 siquas
184 1723 264 1788 torte
287 1724 533 1789 lamentationes
555 1724 735 1808 acceperis,
758 1741 863 1804 neque
884 1721 1100 1805 respondeas,
1121 1721 1220 1816 immo

22 1849 23 1858 ¹
61 1852 114 1897 nec
134 1833 313 1918 prospicias
337 1834 481 1914 omnino,
506 1843 644 1899 ceterum
667 1833 747 1899 mihi
769 1831 896 1916 quidem
912 1832 1141 1915 grauissimum
1163 1830 1220 1895 uo.

25 1947 46 1994 ¹5
62 1941 162 2025 lorem,
185 1945 245 2009 tihi
260 1963 336 2009 uere
359 1964 517 2010 summum
540 1945 666 2010 creabis
683 1934 840 2024 exitium?

138 2043 259 2120 Adnuit
284 2062 314 2119 et
336 2073 377 2120 ex
399 2055 532 2120 arbitrio
556 2055 664 2120 mariti
685 2073 720 2120 sc
742 2055 898 2119 facturam
914 2050 1087 2137 spopondit
1102 2050 1160 2117 sed
1182 2070 1220 2115 eo

22 2159 48 2226 tq
63 2164 147 2228 simul
184 2184 254 2230 cum
283 2173 374 2229 nocte
396 2164 524 2249 dilapso
547 2163 631 2229 diem
654 2171 754 2228 toturn
784 2163 925 2228 lacrimis
948 2181 986 2228 ae
1009 2162 1219 2246 plangoribus

64 2275 180 2340 misella
215 2277 390 2357 consumit,
427 2295 462 2342 se
491 2295 577 2340 nunc
605 2275 745 2340 maxime
774 2293 905 2356 prorsus
934 2272 1058 2356 perisse
1088 2271 1219 2351 iterans,

64 2406 137 2468 quae
158 2387 243 2453 beati
266 2387 403 2453 carceris
425 2384 571 2460 custodia
593 2395 706 2470 saepta
729 2391 761 2451 et
782 2383 943 2448 humanae
965 2381 1221 2448 conuersationis

25 2496 49 2547 lo
64 2498 208 2582 colloquio
231 2496 364 2562 uiduata
384 2516 444 2561 nec
468 2497 631 2563 sororibus
647 2495 776 2579 quidem
799 2495 866 2561 suis
881 2493 923 2560 de
945 2514 981 2561 se
1003 2492 1221 2565 maerentibus

66 2626 150 2689 opem
172 2610 345 2674 salutarem
367 2609 451 2673 ferre
473 2626 511 2673 ac
534 2626 575 2673 ne
597 2606 708 2673 uidere
721 2625 779 2673 eas
803 2604 932 2689 quidem
948 2604 1076 2669 omnino
1098 2608 1219 2687 posset.

65 2737 116 2781 nec
136 2719 264 2783 lauacro
287 2738 347 2783 nec
369 2718 439 2783 cibo
461 2736 521 2783 nec
535 2718 602 2783 ulla
618 2716 757 2799 denique
780 2715 952 2781 relectione
974 2720 1118 2779 recreem
1139 2711 1222 2777 flens

65 2828 189 2893 ubertirr'r
212 2828 352 2895 decessit
372 2827 414 2893 ad
437 2848 592 2894 somnum.
630 2846 690 2893 nec
727 2845 818 2891 mora
846 2844 917 2889 cnm
945 2825 1042 2908 paulo
1072 2823 1228 2888 maturius
1250 2816 1295 2883 VI

65 2937 169 3003 lectum
190 2920 325 3005 maritus
339 2939 500 3004 accubans
517 2957 651 3021 eamque
667 2936 764 3003 etiam
785 2954 870 3000 nunc
893 2934 1118 2999 lacrimantem
1140 2951 1222 2997 corn·

26 3050 51 3099 ²5
67 3049 170 3130 plexus
193 3049 239 3115 sic
261 3050 443 3133 expostulat

138 3154 292 3225 ‘Haecine
321 3158 400 3223 mihi
428 3158 638 3244 pollicebare,
662 3157 788 3241 Psyche
812 3136 906 3222 meat
936 3153 1012 3238 quid
1041 3149 1106 3217 iam
1129 3151 1169 3217 de
1192 3159 1223 3216 te

67 3274 130 3335 tuus
156 3271 289 3337 maritus
319 3276 468 3353 expecto,
498 3266 575 3353 quid
605 3269 721 3352 spero?
753 3273 785 3332 et
811 3265 925 3350 perdia
953 3271 984 3330 et
1012 3282 1136 3347 pernox
1165 3281 1224 3327 nec

67 3377 140 3444 inter
161 3382 328 3465 amplexus
352 3380 536 3462 coniugales
559 3378 681 3444 desinis
703 3378 889 3442 cruciatum.
913 3395 973 3458 age
996 3376 1061 3439 iam
1083 3392 1168 3439 nunc
1190 3378 1224 3437 ut

67 3491 146 3557 uoles
169 3500 199 3557 et
214 3492 322 3557 animo
337 3498 390 3583 tuo
406 3488 563 3555 damnosa
584 3488 729 3573 poscenti
751 3490 877 3572 pareto!
901 3491 1023 3550 tantum
1040 3482 1229 3562 memineris

28 3606 53 3655 ³0
69 3618 150 3665 neae
163 3604 275 3673 ¹seriae
298 3601 482 3667 monitionis
505 3619 577 3664 cum
599 3599 744 3682 coeperis
768 3617 839 3663 sero
862 3586 1046 3681 paenitere?

142 3715 231 3777 Tunc
252 3712 310 3775 illa
331 3712 480 3796 precibus
497 3716 528 3775 et
543 3709 619 3773 dum
636 3728 671 3775 se
686 3708 873 3772 morituram
888 3706 1100 3771 comminatur
1121 3710 1224 3770 extor-

69 3829 135 3900 quet
155 3844 174 3886 a
196 3823 311 3887 marito
335 3821 450 3905 cupitis
472 3819 594 3885 adnuat
608 3825 642 3883 ut
658 3838 785 3885 sorores
806 3817 926 3897 uideat,
949 3816 1053 3881 luctus
1077 3816 1223 3894 mulceat,

128 4079 141 4128 8
158 4077 208 4130 iste
225 4076 298 4129 Nihil
316 4075 428 4145 scropsi:
447 4072 575 4135 hrllcorr.
595 4070 742 4126 asemona
759 4087 842 4125 manu
859 4071 887 4123 ia
900 4069 954 4131 rllel
973 4068 1057 4121 mehrl
1075 4065 1229 4134 taedaeque

69 4164 118 4219 alla
134 4168 227 4224 deinde
244 4184 344 4223 rasura
362 4182 448 4237 neque
465 4162 723 4231 nrchnnerataryff,
742 4162 879 4219 tulnrchrl
897 4182 916 4230 φ
935 4171 1000 4226 (non
1018 4165 1058 4215 est
1074 4159 1144 4212 rllrul
1160 4159 1226 4225 inp)

73 4289 98 4337 13
115 4289 252 4357 respondes
268 4287 299 4351 F,
318 4247 496 4355 respondite
569 4289 597 4338 16
616 4285 753 4339 annurtll
831 4282 953 4349 telepte
971 4279 998 4333 F
1070 4282 1102 4331 20
1120 4291 1170 4331 nec
1189 4277 1229 4329 sio

71 4377 108 4446 Fp
189 4386 218 4435 at
238 4379 312 4451 polle
330 4380 373 4449 hp
460 4384 491 4433 nt
510 4377 644 4448 pfidan
731 4381 764 4431 30
782 4373 928 4443 cepean

113 4476 227 4519 trvnurvs
1009 4461 1025 4509 6
