2934 4900
219 194 259 255 34
553 225 558 236 .
731 205 824 255 auam
845 205 872 252 11

303 361 410 443 Terga
432 358 528 424 uortit
549 366 581 424 et
603 357 749 422 cubiculo
770 357 918 442 protinus
941 357 1197 429 exterminatur„
1216 375 1276 421 nec
1298 375 1391 420 mora

220 491 290 537 cum
306 489 357 536 mc
372 488 503 535 somnus
517 467 694 552 profundus
710 468 745 532 in
767 469 866 533 imum
882 467 1068 532 barathrum
1083 473 1216 551 repente
1231 465 1392 550 demergit

220 589 255 646 ut
281 599 322 648 ne
350 579 430 646 deus
458 577 587 662 quidem
610 577 788 662 Delphicus
815 578 888 663 ipse
915 577 1009 651 facile
1037 577 1233 646 discerneret
1263 575 1392 642 duobus

167 677 172 687 ’
220 691 314 758 nobis
343 688 521 756 iacentibus
549 688 621 772 quis
649 695 735 756 esset
764 689 868 772 magis
900 695 1051 754 mortuus.
1091 688 1138 754 sic
1170 687 1324 752 inanimis
1358 693 1392 750 et

220 801 370 888 indigens
392 799 456 864 alio
478 797 610 864 custode
632 818 737 883 paene
759 798 804 864 ibi
826 819 891 865 non
914 818 1011 864 eram.

89 901 197 969 XXVI
305 908 513 976 Commodum
541 909 644 976 noctis
672 908 820 976 inducias
847 916 960 975 cantus
987 907 1212 993 perstrepebat
1237 907 1393 974 cristatae

219 1020 367 1090 cohortis.
405 1019 535 1088 tandem
564 1019 750 1105 expergitus
778 1025 811 1084 et
838 1019 937 1084 nimio
965 1039 1088 1104 pauore
1120 1017 1309 1103 perterritus
1340 1037 1393 1081 cu-

161 1191 168 1224 ,
219 1132 319 1198 dauer
334 1150 464 1196 accurro
487 1137 519 1196 et
541 1129 669 1218 admoto
691 1130 813 1196 lumine
831 1130 1038 1214 reuelataque
1059 1129 1129 1196 eius
1151 1129 1233 1194 facie
1248 1128 1394 1193 rimabar·

219 1243 356 1326 singula,
380 1261 464 1324 quae
478 1247 592 1305 cuncta
607 1247 834 1306 conuenerant.
872 1259 945 1306 ecce
966 1260 1046 1306 uxor
1066 1240 1194 1306 misella
1214 1239 1296 1308 fleus
1319 1259 1394 1303 cum

219 1351 378 1419 hesternis
410 1350 546 1417 testibus
576 1351 780 1436 introrumpit
807 1351 906 1416 anxia
934 1357 966 1416 et
992 1351 1100 1418 statim
1128 1340 1252 1435 corpori
1280 1369 1394 1434 super·
1414 1352 1440 1398 ll

219 1483 316 1529 ruens
339 1463 536 1546 multumque
557 1481 596 1526 ac
618 1461 674 1526 diu
695 1460 883 1528 deosculata
911 1461 971 1528 sub
994 1461 1126 1526 arbitrio
1147 1460 1278 1528 luminis
1299 1479 1393 1525 reco-

218 1573 343 1659 gnoscit
365 1571 482 1637 omnia.
520 1577 551 1638 et
573 1590 729 1638 conuersa
746 1571 1010 1654 Philodespotum
1033 1572 1165 1654 requirit
1185 1577 1338 1654 actorem,
1362 1573 1395 1637 ei

218 1683 377 1770 praecipit
391 1683 475 1748 bono
498 1679 621 1748 custodi
635 1681 786 1748 redderet
808 1682 879 1748 sine
893 1702 984 1747 mora
1004 1682 1192 1768 praemium.
1230 1688 1262 1748 et
1281 1681 1394 1746 oblato
1458 1766 1459 1779 ἵ

220 1795 328 1862 statim
347 1785 516 1859 ‘summas'
539 1790 643 1876 inquit
662 1787 733 1857 ‘tibi
749 1792 876 1859 iuuenis
898 1793 1021 1876 gratias
1036 1793 1162 1876 agimus
1185 1800 1218 1863 et
1232 1792 1394 1858 Hercules
1458 1790 1459 1793 ’

220 1905 260 1970 ob
283 1904 431 1971 sedulum
458 1900 544 1967 istud
572 1902 784 1968 ministerium
813 1904 897 1970 inter
926 1911 1048 1970 ceteros
1076 1903 1250 1970 lamiharcs
1273 1901 1397 1968 dehinc
1415 1920 1440 1966 u

113 2033 115 2042 ’
220 2005 484 2081 numerabimus'

304 2123 354 2188 Ad
382 2123 463 2188 haec
491 2142 551 2206 ego
579 2122 743 2206 insperato
774 2125 863 2189 lucro
892 2124 1027 2191 diffusus
1057 2125 1091 2189 in
1119 2122 1272 2206 gaudium
1303 2129 1335 2187 et
1359 2123 1396 2186 in

219 2255 335 2301 aureos
357 2233 655 2318 refulgentesquos
676 2233 852 2300 identidem
875 2255 970 2300 manu
994 2254 1066 2300 mea
1089 2233 1286 2299 uentilabam
1308 2239 1396 2297 atto-

220 2346 306 2411 nitus
326 2336 449 2408 ‘immo’
480 2344 612 2425 inquam
639 2336 783 2410 ‘domina
805 2343 845 2410 de
867 2345 996 2411 famulis
1018 2345 1082 2411 tuis
1105 2365 1201 2409 uuum
1224 2349 1337 2428 putato
1363 2352 1397 2407 et

220 2456 367 2541 quotiens
389 2474 521 2538 operam
543 2460 685 2521 nostram
708 2453 920 2537 desiderabis,
943 2456 1080 2521 fidenter
1100 2446 1250 2540 impera‘
1414 2464 1441 2512 ‘20

306 2565 368 2630 Vix
382 2564 512 2631 effatum
535 2584 586 2629 mc
608 2565 715 2655 statim
733 2566 909 2632 familiares
933 2587 1044 2632 omnes
1059 2566 1217 2633 nefarium
1232 2568 1397 2631 exsecrati

221 2676 323 2760 raptis
346 2675 500 2759 cuiusque
522 2675 609 2740 modi
629 2676 703 2742 telis
725 2676 921 2742 insecuntur.
951 2678 1069 2763 pugnis
1089 2678 1145 2742 ille
1168 2678 1270 2742 malas
1293 2674 1398 2741 offen-

220 2785 307 2866 dere,
330 2786 480 2868 scapulas
496 2786 579 2851 alius
602 2784 719 2853 cubitis
734 2786 914 2871 inpingere,
936 2788 1053 2871 palmis
1067 2787 1193 2853 infestis
1214 2787 1266 2852 hic
1286 2788 1398 2851 latera

221 2894 390 2977 suffodere,
414 2895 556 2961 calcibus
576 2896 741 2977 insultare,
763 2898 898 2982 capillos
920 2897 1111 2980 distrahere,
1135 2906 1256 2965 uestem
1272 2895 1399 2963 discin-

220 3008 306 3073 dere.
342 3006 388 3071 sic
411 3006 595 3071 immodum
619 3006 748 3091 superbi
771 3007 898 3075 iuuenis
912 3008 1008 3073 Aonii
1022 3009 1074 3075 uel
1097 3016 1223 3093 mystae
1244 3007 1328 3072 uatis
1343 3008 1398 3072 Pi·
1415 3021 1441 3068 rs

155 3126 157 3131 '
220 3117 315 3201 pletis
336 3116 497 3197 laceratus
521 3122 617 3200 atque
640 3115 820 3204 discerptus
843 3117 936 3183 domo
958 3119 1137 3204 proturbor.

75 3218 201 3282 XXVII
308 3226 354 3289 Aa
369 3224 443 3289 dum
467 3228 501 3291 in
522 3225 669 3310 proxima
689 3228 799 3312 platea
813 3228 961 3295 refouens
984 3230 1126 3294 animum
1140 3227 1272 3295 infausti
1293 3235 1398 3312 atque
1456 3287 1457 3290 ,

221 3334 384 3419 improuidi
400 3336 559 3403 sermonis
581 3336 644 3402 mei
667 3356 738 3401 sero
753 3338 940 3405 reminiscor
957 3337 1158 3429 ¹dignumque
1180 3360 1231 3405 me
1245 3339 1398 3422 pluribus
1456 3325 1457 3340 ¹

1411 783 1424 829 5

1411 835 1459 916 [ul

290 3634 433 3691 3delficul
448 3638 477 3691 F
559 3602 691 3693 Saccurir
709 3660 744 3709 p:
763 3655 862 3695 accuro
880 3640 908 3694 F
971 3592 1060 3693 adnoto
1079 3660 1113 3709 p:
1137 3647 1226 3694 amoto
1245 3639 1273 3693 F
1363 3647 1396 3694 lo

222 3754 315 3807 eximi
330 3755 383 3824 Fp,
401 3756 450 3811 aed
467 3718 488 3809 cc
507 3756 636 3811 holtemrl
651 3758 712 3813 add.
732 3761 761 3813 iu
779 3777 865 3831 marp.
884 3779 903 3828 φ
999 3765 1024 3812 11
1048 3756 1287 3815 nocumentum.
1309 3775 1352 3813 ex
1370 3767 1400 3813 at

221 3848 249 3900 ia
267 3846 299 3910 F,
323 3862 392 3917 acp
489 3854 517 3902 111
542 3866 716 3912 numerau1m3
749 3869 820 3907 corr.
845 3854 873 3906 iu
900 3853 1080 3915 numerabrm;
1107 3852 1139 3917 F,
1163 3851 1349 3912 numerab1m;
1378 3873 1398 3921 φ

221 3943 250 3991 21
269 3941 399 3994 exsecrati
416 3973 425 3991 ·
443 3941 509 4010 (fuit
533 3942 552 4004 l)
577 3944 614 4007 F,
639 3945 769 3999 exsecratr
792 3966 811 4014 φ
903 3950 935 3999 25
953 3946 1034 4000 adom
1051 3946 1081 3999 ul
1096 3946 1259 4046 multeruafl
1287 3946 1402 4014 prpletrl
1455 3993 1456 3996 ,

222 4061 299 4129 (post
317 4058 401 4111 multe
425 4076 480 4113 uon
497 4060 507 4112 l
524 4066 563 4114 est
580 4063 629 4116 secl
644 4080 652 4117 r
670 4068 701 4117 ut
717 4080 800 4136 saepe
823 4066 850 4119 iu
868 4063 920 4119 hoc
937 4065 1029 4120 codice
1052 4065 1161 4137 longius
1179 4066 1315 4128 dcductm
1328 4072 1399 4138 post

221 4165 257 4203 ua
282 4156 322 4203 est
339 4158 350 4203 t
367 4150 416 4205 scd
433 4152 531 4207 linteola
557 4156 634 4225 infra
661 4156 768 4222 addita,
793 4175 864 4227 quac
882 4161 972 4229 possit
994 4160 1193 4231 sipoificarc13
1218 4167 1307 4213 tamen
1328 4168 1341 4213 t
1360 4164 1399 4214 ita

216 4244 294 4313 picta
313 4246 495 4299 cataractam
513 4254 541 4299 to
559 4248 716 4319 aiprcificure
727 4252 835 4322 possit)
854 4251 886 4317 F,
910 4252 991 4307 adonr
1008 4254 1037 4305 ul
1055 4252 1229 4326 muilteluatrl
1244 4254 1360 4321 prpletrl
1376 4275 1395 4323 p
1455 4261 1456 4330 l

222 4352 292 4404 quoe
310 4343 404 4407 aperte
421 4354 458 4392 ccc
476 4338 529 4393 illis
547 4344 663 4405 conficta
681 4351 752 4407 surrt,
769 4344 851 4398 Aonii
868 4343 1028 4411 Salmasius,
1046 4353 1149 4416 mystae
1168 4345 1194 4401 C.
1215 4345 1326 4418 bethay
