2934 4900
217 229 275 290 146
709 239 802 286 nram
823 239 885 284 vur

214 413 294 460 rum¹
307 393 481 479 spoliorum
503 391 654 476 cupidine
682 391 911 457 latrocinamur
933 389 990 456 sed
1017 387 1102 454 113110
1131 391 1235 472 ipsam
1256 387 1394 453 cladem

215 504 256 570 de
278 504 395 570 uestris
417 503 613 587 protelamus
641 501 802 568 manibus.
845 501 910 565 iam
939 499 1080 584 denique
1107 519 1187 584 paco
1208 498 1397 580 tranquilla

216 615 319 680 securi
340 614 474 698 potestis
494 609 663 678 incedere?

301 723 445 804 Sicine,
469 722 527 789 sed
547 743 607 788 nos
634 722 837 806 plurifariam
859 721 1018 785 uulnerati
1047 720 1206 801 reliquam
1227 719 1316 783 uiam
1340 738 1400 782 oa-

215 835 375 918 pessimus
390 834 474 900 alius
495 832 623 918 lapidis,
646 832 728 898 alius
743 851 868 898 morsus
882 833 1020 897 uulnera
1040 831 1225 912 referentes,
1242 828 1398 894 uniuersi
1417 845 1432 890 s

216 955 324 1010 tamen
346 945 456 1010 saucii.
493 943 658 1026 aliquanto
680 943 820 1027 denique
849 941 923 1007 uiae
951 961 1122 1025 permenso
1144 939 1252 1024 spatio
1272 958 1397 1025 perue-

217 1055 323 1120 uimus
346 1053 388 1118 ad
409 1074 523 1120 nemus
545 1052 705 1136 quoddam
729 1054 870 1136 proceris
891 1053 1060 1116 arboribus
1081 1051 1241 1116 consitum
1261 1057 1295 1116 et
1316 1069 1400 1131 pra-

215 1165 355 1230 tentibus
378 1164 490 1231 uiretis
512 1183 698 1245 amoenum,
726 1163 783 1227 ubi
810 1164 932 1246 placuit
958 1163 1024 1228 illis
1051 1161 1237 1233 ductoribus
1266 1159 1461 1227 1103313111ι

171 1323 173 1327 -
216 1275 347 1340 refectui
369 1276 533 1358 paululum
556 1274 784 1358 conquiescere
805 1292 1003 1356 corporaque
1025 1258 1084 1338 sua
1104 1271 1233 1337 diuerso
1263 1270 1399 1334 laniata

167 1409 172 1423 ·
217 1385 328 1450 sedulo
351 1405 508 1450 reamare.
553 1405 629 1467 ergo
657 1384 782 1467 passim
809 1384 962 1467 prostrati
983 1385 1056 1448 solo·
1072 1383 1211 1466 primum
1232 1381 1395 1464 fatigatos
1419 1408 1446 1450 ro

217 1496 342 1560 animos
365 1513 554 1578 recuperare
576 1514 614 1559 ao
636 1493 754 1560 debinc
781 1493 969 1560 uulneribus
990 1493 1135 1559 medelas
1158 1493 1266 1560 uarias
1297 1491 1396 1558 adhi-

216 1605 293 1672 bere
315 1605 478 1670 festinant.
501 1605 554 1670 bio
576 1623 720 1670 cruorem
743 1604 1000 1689 praeterfluentis
1022 1622 1127 1686 aquae
1148 1622 1221 1668 rore
1242 1603 1394 1683 deluere,

215 1716 272 1781 ille
308 1715 452 1798 spongiis
488 1715 661 1780 madidatis
696 1723 837 1780 tumores
865 1714 1094 1798 comprimere,
1123 1713 1207 1778 alius
1243 1714 1397 1778 fasciolis

216 1826 344 1892 hiantes
365 1826 487 1891 uincire
514 1827 640 1910 plagas.
683 1824 850 1896 adistum
879 1824 1008 1889 modum
1031 1825 1126 1890 saluti
1149 1843 1227 1906 suae
1250 1825 1398 1906 quisque

115 2007 118 2017 ,
217 1937 414 2002 consulebat.
1420 1946 1445 1991 re

93 2033 215 2136 XVIIII
299 2047 428 2111 Interea
457 2045 587 2129 quidam
621 2066 721 2112 senex
755 2044 796 2110 de
824 2065 948 2110 summo
977 2045 1059 2110 colle
1083 2051 1270 2129 prospectat
1292 2064 1397 2127 quem

217 2156 334 2220 circum
356 2157 501 2240 capellae
527 2163 697 2240 pascentes
727 2156 901 2241 opilionem
929 2174 1001 2222 esse
1028 2156 1168 2239 profecto
1190 2155 1394 2219 clamabant.

218 2285 289 2330 eum
312 2266 440 2348 rogauit
460 2287 543 2332 unus
565 2287 582 2332 e
604 2267 723 2333 uostris
746 2265 923 2332 haberetne
945 2268 1042 2330 ueuui
1069 2266 1186 2329 lactem
1207 2265 1261 2329 uel
1282 2264 1399 2328 adhuc

218 2375 376 2460 liquidum
398 2378 450 2441 uel
471 2377 506 2440 iu
528 2363 657 2442 caseum
672 2384 834 2441 recentem
856 2375 1049 2441 inchoatum.
1085 2383 1119 2441 at
1140 2376 1195 2440 ille
1209 2373 1265 2439 diu
1280 2376 1397 2459 capite

219 2488 388 2567 quassanti
415 2482 486 2552 ‘uos
509 2479 623 2553 autem'
655 2488 759 2570 iuquit
783 2481 837 2551 ‘de
865 2487 937 2552 cibo
966 2489 1019 2553 uel
1046 2488 1160 2571 poculo
1183 2487 1235 2551 uel
1256 2488 1400 2551 omniuo
1416 2500 1445 2548 10

219 2597 286 2661 ulla
307 2597 480 2663 refectione
502 2617 586 2662 nuno
609 2598 779 2684 cogitatis?
815 2618 858 2662 au
881 2598 960 2662 nulli
989 2598 1077 2663 scitis
1099 2616 1162 2679 quo
1184 2597 1253 2660 loeo
1277 2616 1397 2662 conse-

219 2698 362 2771 deritis?³
409 2713 440 2771 et
467 2726 538 2771 cum
567 2706 653 2771 dicto
683 2704 850 2771 conductis
871 2707 1005 2772 ouioulis
1027 2726 1201 2773 conuersus
1223 2708 1324 2788 longe
1350 2727 1399 2771 re·

219 2817 325 2882 cessit.
349 2836 432 2899 quae
454 2838 517 2881 uox
539 2808 609 2885 eius
632 2824 663 2882 et
684 2818 761 2900 fuga
775 2818 960 2901 pastoribus
975 2818 1095 2883 nostris
1116 2836 1181 2881 nou
1197 2815 1399 2881 mediocrem

219 2946 372 3010 pauorem
394 2927 537 2994 incussit.
567 2948 605 2992 ao
628 2928 702 2993 dum
725 2928 886 3011 perterriti
908 2928 949 2991 de
971 2928 1032 2992 loci
1054 2927 1210 3011 qualitate
1232 2928 1399 2992 sciscitari

219 3036 361 3120 ge'stiuut
382 3056 442 3102 nec
463 3043 512 3103 est
534 3038 589 3120 qui
617 3038 745 3119 doceat,
773 3058 874 3103 senex
901 3038 985 3103 alius
1015 3058 1150 3119 maguus
1171 3036 1227 3101 ille
1248 3036 1398 3119 quidem,
1417 3057 1445 3104 11

219 3154 373 3230 grauatus
406 3148 517 3229 aunis,
546 3154 632 3213 totus
659 3148 693 3211 in
722 3139 871 3213 baculum
899 3168 1019 3231 pronus
1048 3153 1080 3213 et
1105 3148 1228 3212 lassum
1256 3146 1400 3213 trahens

220 3257 394 3339 uestigium
415 3256 551 3321 ubertim
573 3258 746 3323 lacrimans
768 3278 826 3342 per
841 3258 927 3322 uiam
950 3257 1111 3341 proximat
1125 3257 1275 3340 ‘uisisquc
1295 3257 1401 3322 nobis

221 3387 292 3432 cum
319 3367 395 3431 fletu
424 3368 563 3431 maximo
586 3368 783 3451 singulorum
812 3369 963 3433 iuuenum
990 3387 1097 3450 genua
1125 3368 1314 3449 confingens
1348 3370 1400 3433 sio

220 3478 377 3543 adorabat

132 3580 198 3645 XX
303 3580 378 3651 ‘Per
405 3588 564 3654 Fortunas
597 3596 786 3670 uestrosque
817 3588 938 3655 Genios
968 3590 1014 3653 sio
1035 3588 1078 3654 ad
1099 3607 1191 3653 meae
1214 3591 1397 3654 senectutis
1416 3614 1446 3661 so

222 3697 328 3780 spatia
352 3697 452 3762 ualidi
475 3700 614 3781 laetique
636 3700 791 3779 uenturis,
819 3699 953 3782 decepto
983 3701 1053 3764 seni
1082 3699 1248 3764 subsistite
1270 3717 1397 3763 meum-

222 3826 283 3890 que
305 3809 473 3890 paruulum
497 3809 538 3873 ab
569 3810 681 3875 inferis
711 3817 854 3893 ereptum
882 3809 972 3875 oanis
1000 3809 1080 3874 meis
1107 3809 1241 3886 reddite.
1285 3827 1394 3891 nepos

221 3937 360 4004 namque
382 3936 471 3982 meus
494 3926 525 3983 ot
546 3919 670 3985 itineris
694 3919 789 3985 huius
818 3920 928 3984 suauis
950 3937 1056 3985 comes
1078 3918 1154 3983 dum
1175 3920 1257 3984 forte
1278 3939 1396 4003 passe·

222 4056 521 4072 -ὗ-ᾕ-ῃ

293 4156 322 4204 12
340 4151 446 4205 deluere
463 4154 502 4206 stc
519 4152 564 4221 Fp
653 4157 681 4207 13
700 4153 820 4223 spongerl
835 4154 878 4222 Fa
949 4159 980 4209 18
991 4146 1068 4209 'lacte
1084 4150 1104 4212 t*
1124 4154 1249 4218 deletum)
1261 4154 1294 4219 F,
1312 4155 1358 4209 lac
1378 4179 1394 4226 q

226 4248 255 4297 19
273 4241 402 4299 ruchoatb
419 4246 459 4298 sic
476 4246 529 4314 qu,
546 4248 699 4301 incoactum
717 4247 810 4316 coulpe,
830 4252 960 4311 (recenter
977 4249 1148 4317 coagulatum
1174 4249 1291 4302 coniecit
1308 4248 1399 4304 Hein-

222 4364 287 4417 siust
375 4366 406 4416 20
425 4328 564 4431 quassantb
582 4366 613 4430 F,
632 4367 802 4435 quallautro
890 4372 921 4421 33
939 4329 1047 4437 patlbrb
1064 4367 1096 4432 F,
1114 4350 1256 4435 pallerbo
1323 4364 1331 4374 “
