2934 4900
109 267 115 278 ,
200 208 260 270 192
709 222 801 269 arsur
823 223 847 270 x

198 376 332 460 oupieus
354 376 531 441 esurienter
553 373 716 440 exhibitas
746 394 839 441 escas
868 373 1072 459 adpetebam.
1117 394 1191 442 nam
1220 382 1253 440 et
1282 374 1378 459 quod

199 486 402 571 potissimum
424 484 611 551 abhorreret
632 485 725 551 asino
747 484 969 568 excogitantes
992 486 1177 569 scrupulose
1191 485 1234 549 ad
1257 485 1379 569 explo-

198 595 336 661 randam
358 594 635 661 mansuetudinem
662 595 696 659 id
725 595 902 661 offerebant
930 594 1027 677 mibi,
1061 614 1173 663 carues
1194 597 1303 661 lasere
1326 596 1379 661 in-

200 707 319 787 feotas,
350 706 452 771 altilia
483 705 595 790 pipere
626 705 796 790 inspersa,
836 706 943 792 pisces
972 705 1096 772 exotioo
1118 705 1187 773 iure
1209 706 1376 791 pertusos.

200 816 327 881 interim
356 816 538 881 oouuiuium
566 836 690 881 summo
719 814 787 883 risu
815 816 1018 901 personabat.
1069 814 1200 899 quidam
1229 815 1415 901 deniques

201 945 356 1009 praesens
379 926 524 992 scurrula
542 918 637 991 ‘date'
662 926 767 1008 inquit
786 920 904 993 ‘sodali
925 926 1000 993 bulo
1022 919 1312 1011 quippiammeri.²

281 1034 379 1113 -Quod
407 1036 526 1102 dietum
559 1035 706 1102 dominus
735 1044 863 1104 seoutus
888 1030 966 1103 ‘nou
994 1030 1085 1103 adeo'
1116 1035 1282 1123 respondit
1301 1029 1378 1101 ’ab-

202 1144 298 1213 surde
320 1147 444 1212 looutus
467 1165 503 1211 es
525 1144 671 1211 fumifer:
694 1146 791 1211 ualde
819 1146 903 1213 enirn
926 1146 997 1213 lieri
1019 1152 1126 1231 potest
1148 1154 1182 1211 ut
1203 1147 1377 1213 oontuber-

201 1252 287 1321 nalis
307 1264 418 1323 noster
438 1257 588 1340 poculum
610 1276 735 1341 quoque
758 1257 853 1324 mulsi
875 1257 1014 1323 libenter
1028 1248 1179 1341 adpetat'
1214 1263 1246 1323 et
1264 1250 1373 1323 ‘heus'

202 1366 248 1431 ait
267 1360 367 1449 ‘puer,
390 1366 512 1431 lautum
534 1364 705 1449 diligenter
720 1386 793 1433 eooe
809 1368 898 1431 illum
914 1385 1045 1433 aureum
1061 1366 1250 1433 cantharum
1266 1368 1376 1433 mulso
1400 1373 1431 1421 10

203 1483 408 1559 contempera
429 1483 461 1541 et
482 1476 560 1542 offer
582 1477 725 1561 parasito
749 1496 836 1556 meo,
866 1477 960 1543 simul
983 1477 1122 1560 quodsi
1152 1476 1376 1561 praebiberim

203 1581 420 1652 commoneto?

287 1696 408 1779 Ingens
425 1698 505 1762 exin
526 1697 645 1761 oberte
661 1703 710 1762 est
732 1697 905 1780 epulonum
927 1697 1118 1780 expectatio.
1152 1715 1212 1761 neo
1235 1697 1301 1762 ulla
1327 1704 1375 1761 ta·

203 1826 277 1871 meu
298 1826 358 1889 ego
382 1806 506 1871 ratione
528 1806 720 1871 oonterritus
742 1806 844 1872 otiose
865 1826 904 1870 ao
926 1808 1005 1873 satis
1033 1807 1203 1891 genialiter
1225 1813 1375 1871 contorta

202 1916 237 1981 iu
260 1915 389 1982 modum
410 1917 541 2000 linguae
563 1924 725 2000 postrema
747 1916 836 1981 labia
857 1915 1108 1999 grandissimum
1131 1916 1221 1981 illum
1236 1916 1373 1983 oalioem
1400 1937 1428 1982 rs

203 2046 266 2089 uno
288 2025 407 2092 haustu
429 2026 591 2111 perhausi.
628 2028 749 2091 elamor
771 2028 896 2109 exurgit
919 2046 1061 2093 oousona
1083 2044 1161 2091 uooe
1185 2034 1373 2092 onustorum

90 2140 183 2209 XVII
204 2138 308 2202 salute
342 2156 393 2202 me
424 2137 696 2221 prosequentium.
741 2156 859 2220 magno
894 2135 1033 2220 denique
1061 2134 1222 2203 delibutus
1251 2135 1375 2221 gaudio

204 2245 352 2311 dominus
375 2245 498 2311 uooatis
520 2248 624 2311 seruis
639 2247 708 2312 suis
724 2247 921 2332 emptoribus
943 2248 1024 2313 meis
1046 2246 1134 2312 iubet
1156 2246 1373 2331 quadruplum
1395 2269 1465 2333 [245]

204 2357 329 2424 restitui
352 2356 488 2440 pretium
510 2376 625 2439 meque
648 2356 775 2421 ouidam
791 2356 1012 2439 acceptissimo
1034 2357 1149 2423 liberto
1165 2378 1222 2423 suo
1245 2363 1276 2421 et
1290 2358 1375 2423 satis

205 2467 364 2553 peonliato
387 2448 505 2550 magna
526 2467 690 2552 praelatus
713 2467 883 2552 diligentia
904 2468 1045 2550 tradidit,
1069 2469 1124 2552 qui
1140 2487 1190 2532 me
1213 2467 1292 2534 satis
1314 2467 1375 2531 hu·
1397 2483 1430 2532 ao

204 2596 302 2642 mane
323 2577 467 2660 satisque
493 2578 625 2643 oomiter
656 2578 819 2644 nutriebat
846 2585 878 2644 et
900 2598 962 2663 quo
992 2598 1027 2645 se
1055 2585 1191 2663 patrono
1214 2597 1377 2643 commen-

207 2688 365 2753 dationem
388 2687 517 2773 laoeret,
538 2687 775 2755 studiosissime
798 2690 979 2773 uoluptates
995 2690 1063 2756 eius
1085 2707 1144 2773 per
1166 2707 1255 2754 meas
1278 2708 1375 2772 argu·
1416 2763 1419 2771 Ι

206 2798 270 2864 tias
302 2798 491 2864 instruebat.
536 2805 567 2862 et
597 2799 735 2883 primum
769 2784 819 2864 me
852 2797 980 2881 quidem
1009 2818 1153 2864 mensam
1185 2798 1377 2862 aooumbere

208 2909 323 2975 suffixo
346 2908 468 2991 oubito,
497 2907 572 2974 dein
601 2907 759 2973 adluctari
782 2917 813 2975 et
835 2909 932 2975 etiam
955 2909 1074 2975 saltare
1098 2908 1231 2974 sublatis
1255 2907 1377 2991 primo·

195 3004 297 3086 ‘ribus
319 3018 456 3103 pedibus
478 3018 653 3102 perdoouit,
677 3019 826 3103 qnodque
848 3026 935 3086 esset
957 3019 1102 3102 adprime
1125 3017 1279 3100 mirabile,
1305 3037 1377 3082 uer·
1398 3041 1431 3089 25

182 3131 258 3196 ‚bis
287 3137 398 3194 nutum
426 3129 629 3195 commodare
662 3137 696 3194 ut
725 3129 810 3213 quod
839 3131 957 3195 nollem
992 3129 1108 3207 relato,
1142 3127 1228 3212 quod
1256 3129 1379 3192 uellem

209 3240 333 3304 deieoto
355 3239 460 3324 eapite
474 3246 694 3322 monstrarem,
717 3240 893 3324 sitiensque
916 3240 1103 3323 pooillatore
1124 3245 1268 3323 respeoto
1293 3238 1382 3304 ciliis

208 3351 333 3414 alterna
355 3349 642 3420 oouiuensrbibere
663 3350 853 3434 flagitarem.
877 3357 974 3431 atque
997 3350 1078 3416 haee
1093 3349 1202 3414 omnia
1223 3347 1382 3433 periaoile

210 3458 422 3526 oboediebam
444 3477 527 3543 quas
548 3460 636 3525 nullo
659 3461 756 3525 etiam
779 3466 975 3526 monstrante
998 3460 1119 3526 soilioet
1140 3459 1289 3524 laterem.
1322 3457 1384 3523 sed

210 3571 347 3636 uerebar
369 3590 411 3635 ne
433 3570 462 3636 si
483 3571 563 3634 forte
586 3569 656 3635 siue
677 3571 831 3653 magistro
854 3569 993 3634 humano
1017 3571 1080 3634 ritu
1102 3568 1250 3647 ederem,
1273 3568 1384 3652 plera·
1405 3599 1434 3646 30

212 3702 274 3766 que
308 3681 371 3745 rati
409 3699 559 3746 soaeuum
595 3679 803 3764 praesagium
838 3679 1043 3765 portendere,
1081 3679 1170 3744 uelut
1201 3685 1387 3743 monstrum

283 3865 427 3920 lembrtas
443 3865 470 3919 F
534 3863 615 3934 quod]
634 3863 669 3933 qd
687 3862 758 3929 (11.8.
778 3864 851 3972 purd)
870 3866 911 3934 Fp
983 3868 1013 3917 111
1032 3839 1125 3918 suren,
1143 3863 1209 3932 (suit
1225 3862 1243 3924 1)
1255 3863 1279 3912 F
1358 3868 1388 3916 11

205 3984 279 4038 'offer
295 3983 347 4052 fp:
364 3983 444 4038 offeri
459 3985 490 4037 oi
504 3983 592 4054 fallor
609 3985 633 4034 l'
720 3987 751 4036 16
768 3983 845 4054 paulr
863 3983 963 4037 elamor
987 4002 1022 4051 p:
1046 3998 1129 4052 pauiu
1148 4012 1157 4033 ι
1176 3978 1282 4034 Clamor
1303 3979 1338 4042 (C
1360 3984 1389 4034 iu

212 4093 268 4130 rus.
287 4081 485 4142 amariores.)
504 4078 528 4128 F
611 4081 640 4129 11
660 4076 743 4130 salute
761 4092 803 4130 me
820 4071 978 4145 pleqnentrd
996 4075 1106 4129 inducto
1124 4073 1189 4129 a'uF
1270 4077 1304 4127 24
1327 4075 1391 4128 fal.-

213 4174 272 4222 tare
291 4170 358 4238 (fuit
375 4175 403 4235 u)
422 4171 454 4234 F,
474 4170 625 4239 salutarep
711 4175 743 4223 25
762 4168 824 4237 qdq3
842 4169 873 4236 f:
899 4184 977 4237 quoq3
996 4167 1039 4236 Fp
1133 4172 1163 4221 27
1182 4143 1349 4236 poorllatore
1368 4170 1394 4219 F

215 4268 241 4313 et
258 4270 321 4314 arato
339 4278 409 4316 corr.
428 4282 448 4331 φ
518 4267 549 4316 28
569 4263 738 4326 courbean,
758 4263 883 4316 conruent
901 4267 929 4326 (u
947 4277 1019 4316 corr.
1037 4267 1067 4314 ut
1083 4260 1138 4315 oid.
1157 4277 1195 4316 aa
1213 4261 1277 4328 blp
1359 4267 1392 4315 29

217 4348 346 4408 obedrebb
362 4356 388 4405 F
471 4361 502 4408 31
521 4344 684 4424 portendere
700 4358 754 4424 F‘p
