2934 4900
532 220 605 266 cnr.
628 219 769 268 ιιι-ιιι
1200 207 1239 270 87

59 367 249 452 erimusque
266 368 295 432 ei
312 369 379 434 suis
396 370 537 436 crinibus
553 370 723 454 detergens
739 373 895 438 facturum
916 373 1089 458 spopondit
1103 381 1136 439 et
1148 393 1240 459 prae-

61 477 164 542 uertit
186 478 293 543 statim
316 479 424 545 lumen
446 482 609 546 nascentis
633 481 707 548 diei.

151 588 269 670 Iugum
285 589 442 654 sororium
464 610 665 674 consponsae
680 593 829 660 factionis
851 613 892 658 ne
910 594 1099 678 parentibus
1114 591 1244 677 quidem
1264 593 1362 658 XIIII

62 697 145 762 uisis
178 705 266 762 recta
289 699 329 764 de
351 700 488 766 nauibus
512 703 675 785 scopulum
704 710 817 786 petunt
805 704 943 768 tillum
971 704 1141 790 praecipiti
1169 723 1240 768 cum

30 808 237 874 iuelocitate
265 829 325 874 nec
354 805 491 876 uentis
477 812 607 878 ferentis
639 819 792 898 oppertae
824 815 1041 898 praesentiam
1072 813 1250 880 licentiosa

61 937 135 981 eum
166 918 294 984 temerit
281 925 347 984 tete
375 921 587 1006 prosiliunt
579 943 612 986 ιιι
646 924 756 988 altum.
792 943 853 989 nec
880 925 1046 990 immemor
1073 925 1241 1010 Zephyrus

61 1028 187 1110 regalis
220 1029 316 1096 edicti
338 1034 486 1113 quamuis
514 1032 633 1097 inuitus
663 1040 831 1116 susceptas
859 1054 916 1101 eas
943 1035 1065 1118 gremio
1087 1035 1241 1119 spirantis
1273 1087 1275 1091 .

63 1157 167 1204 aurae
183 1141 252 1205 solo
267 1140 417 1207 reddidit.
440 1150 474 1207 at
495 1143 570 1207 illae
593 1143 795 1209 incunctatae
818 1144 924 1210 statim
947 1145 1088 1211 conferto
1102 1145 1240 1228 uestigio

63 1247 198 1312 domum
221 1258 318 1334 penet
319 1259 392 1316 rant
406 1254 657 1337 complexaeque
679 1251 834 1338 praedam
858 1275 950 1320 suam
971 1274 1097 1321 sorores
1111 1256 1241 1325 nomine

21 1353 46 1402 ¹⁰
64 1360 261 1427 mentientes
291 1361 563 1446 thensaurumque
591 1363 719 1447 penitus
748 1363 879 1431 abditae
901 1365 1024 1431 fraudis
1045 1367 1136 1430 uultu
1156 1366 1240 1430 laeto

62 1475 213 1553 tegentes
235 1471 282 1537 sio
304 1472 438 1538 adulant

149 1573 290 1667 ‘Psyche
312 1603 377 1650 non
399 1583 445 1648 ita
468 1591 501 1648 ut
522 1583 626 1669 pridie
648 1585 785 1668 paruula
807 1585 869 1650 et
861 1606 935 1669 rpsa
956 1585 1021 1650 iam
1054 1592 1157 1651 mater
1189 1588 1240 1651 es!

65 1699 224 1775 qnantum
248 1701 342 1778 putas
365 1694 442 1758 boni
463 1695 557 1759 nobis
573 1695 606 1758 in
621 1695 686 1759 ista
700 1694 787 1776 geris
812 1696 941 1780 perula!
964 1696 1093 1779 quantis
1115 1694 1242 1779 gaudiis

65 1809 167 1867 totam
192 1803 322 1871 domurn
340 1811 482 1870 nostram
513 1803 684 1869 hilarabisl
718 1824 738 1868 o
767 1825 826 1870 nos
857 1805 970 1882 beatas
999 1826 1079 1889 quas
1108 1805 1242 1871 infantis

23 1909 48 1956 ¹5
67 1915 160 1979 aurei
183 1914 380 1979 nutrimenta
402 1915 582 1980 laetabunt!
619 1914 673 1997 qui
710 1915 738 1980 si
771 1921 940 1998 parentum
969 1921 1004 1979 ut
1026 1922 1151 2000 oportet
1172 1916 1240 1999 pul-

65 2022 243 2088 chritudini
264 2024 474 2108 responderit,
497 2045 628 2110 prorsus
650 2023 775 2108 Cupido
797 2017 963 2091 nascetur?

151 2133 208 2200 Sic
236 2134 417 2200 adlectione
446 2134 597 2201 simulata
632 2136 789 2219 paulatim
821 2137 941 2202 sororis
975 2134 1133 2200 inuadunt
1171 2134 1238 2200 ani·
1259 2130 1320 2196 XV

66 2264 165 2309 mum.
189 2244 362 2329 statimque
385 2264 441 2312 eas
464 2245 655 2312 lassitudine
685 2245 759 2310 uiae
789 2245 944 2312 sedilibus
977 2246 1150 2311 refotaset
1171 2245 1241 2311 bal-

68 2373 204 2419 nearum
222 2355 391 2438 uaporosis
406 2355 547 2422 lontibus
563 2362 690 2421 curatas
706 2355 920 2439 pulcherrimo
936 2356 1074 2421 triclinio
1087 2355 1240 2438 mirisque

24 2463 51 2513 20
68 2464 131 2532 illis
156 2474 188 2531 et
211 2466 314 2531 beatis
337 2466 486 2533 edulibus
508 2473 604 2551 atque
625 2468 758 2533 tuccetis
780 2467 927 2533 oblectat.
965 2467 1052 2533 iubet
1083 2466 1241 2531 citharam

68 2576 172 2659 loqui:
189 2576 354 2659 psallitur;
377 2576 474 2643 tibias
489 2596 602 2660 agere:
627 2585 774 2659 sonatum
797 2577 913 2643 choros
929 2596 1059 2643 canere:
1083 2583 1239 2641 cantatur.

69 2705 151 2767 quae
174 2693 290 2753 cuncta
304 2688 392 2751 nullo
407 2694 579 2771 praesente
596 2686 793 2754 dulcissimis
809 2688 947 2753 modulis
962 2688 1091 2752 animos
1108 2685 1241 2753 audien·

68 2797 146 2861 tium
169 2778 400 2863 remanebant.
438 2816 497 2862 neo
520 2804 628 2863 tamen
651 2799 860 2863 soelestamm
882 2798 1072 2863 feminarum
1096 2797 1241 2878 nequitia

69 2909 120 2972 uel
141 2908 218 2991 ipsa
240 2908 362 2973 mellita
389 2914 502 2973 cantus
539 2906 708 2973 dulcedine
744 2907 868 2972 mollita
903 2906 1087 2989 conquieuit
1115 2905 1175 2972 sed
1197 2904 1241 2971 ad

25 3016 265 3083 edessenam
289 3018 448 3083 fraudium
477 3016 626 3102 pedicam
655 3036 835 3084 sermonem
869 3018 1068 3082 conserentes
1090 3015 1240 3080 dissimu-

69 3128 173 3193 lanter
197 3127 357 3211 occipiunt
379 3129 536 3194 sciscitari
559 3129 665 3211 qualis
688 3128 718 3192 ei
740 3129 874 3192 maritus
899 3134 930 3191 et
951 3125 1052 3207 unde,
1083 3127 1240 3191 natalium

70 3246 157 3303 secta
180 3239 255 3302 cuia
277 3239 470 3320 proueniret.
493 3245 568 3303 tunc
590 3238 648 3302 illa
670 3237 875 3322 simplicitate
901 3235 1002 3301 nimia
1022 3237 1153 3321 pristini
1176 3255 1240 3303 ser·

70 3350 173 3415 monis
196 3348 297 3413 oblita
318 3369 435 3413 nouum
458 3358 670 3413 commentum
692 3347 823 3413 instruit
844 3346 1125 3434 aitquemaritum
1147 3368 1239 3411 suum

71 3457 110 3523 de
131 3458 302 3544 prouincia
323 3458 470 3542 proxima
491 3457 618 3541 magnis
640 3457 787 3541 pecuniis
822 3457 1041 3541 negotiantem
1077 3456 1142 3521 iam
1173 3476 1240 3523 me·

26 3578 53 3629 eo
71 3568 158 3634 dium
181 3588 310 3635 cursum
332 3569 447 3634 aetatis
470 3588 583 3653 agere,
606 3569 838 3652 interspersum
860 3587 936 3632 rara
957 3566 1084 3632 canitie.
1123 3566 1239 3631 necin

138 3861 150 3908 1
169 3816 264 3910 factm
287 3860 314 3922 (c
332 3855 394 3909 add.
412 3872 509 3909 mortus
532 3854 661 3919 secundo)
680 3854 711 3918 F,
735 3852 819 3906 fac'td
835 3852 875 3907 sic
892 3871 912 3920 φ
984 3855 1014 3904 10
1032 3868 1050 3904 n
1068 3852 1096 3905 in
1113 3851 1238 3904 thensau-

70 3943 125 4016 rqu;
144 3948 232 4003 deleta
257 3950 286 4003 in
302 3949 331 4003 F
414 3954 444 4003 12
460 3936 521 4021 pdre
540 3955 574 4014 (re
599 3949 626 4001 tn
648 3963 702 4001 rar.
717 3947 822 4017 smqrta
838 3962 856 3999 a
873 3961 956 3998 manu
972 3944 1112 4008 recaredo),
1135 3943 1240 4013 pridem

70 4040 97 4092 in
113 4058 199 4113 marq.
217 4040 281 4096 add.
305 4059 402 4097 manus
419 4042 601 4098 rcceotr'sst'mo
619 4042 647 4094 ia
664 4040 695 4103 F,
717 4024 771 4108 pde
789 4058 809 4107 φ
877 4043 907 4091 tu
925 4037 1027 4106 pridem
1049 4038 1162 4091 coneris
1179 4035 1240 4090 lale·

70 4160 129 4213 nius
216 4165 248 4214 14
265 4160 375 4215 mtantrs
389 4161 421 4225 F,
439 4161 573 4230 iltantrlp
649 4162 679 4212 18
698 4120 732 4227 de
750 4156 779 4209 F
863 4160 894 4210 ¹9
912 4154 1092 4225 uaporolrolrs
1106 4154 1238 4220 (medico

71 4268 87 4304 a
103 4269 184 4307 manu
202 4253 323 4309 secunda
340 4258 445 4309 motata
462 4254 490 4308 io
508 4253 577 4319 e)F,
594 4250 768 4320 uaporolrtq
839 4253 872 4303 20
890 4243 1003 4319 eyther&
1019 4248 1048 4301 F
1111 4251 1143 4301 30
1162 4261 1240 4317 ogere

71 4346 97 4411 (g
113 4363 182 4401 corr.
201 4363 239 4403 ex
255 4346 274 4410 1,
291 4346 354 4401 add.
372 4348 399 4402 tn
417 4364 502 4419 marq.
521 4351 564 4415 ge)
582 4345 610 4399 F
