2934 4900
489 237 562 284 car.
586 201 798 284 xxm—xxvi
836 211 842 222 ¹
1190 221 1230 283 93
1311 224 1314 233 ’

148 390 277 474 Psyche
301 409 377 454 uero
400 388 489 458 humi
511 393 673 472 prostrata
689 393 720 454 et
735 394 889 472 quantum
904 387 977 453 uisu
998 393 1125 472 poterat
1145 389 1233 453 uola-
1254 382 1347 448 XXV

68 508 116 566 tus
139 500 250 565 mariti
272 500 474 584 prospiciens
498 499 649 566 extremis
673 497 838 581 affligebat
859 498 1142 565 lamentationibus
1165 499 1233 563 ani·

69 633 160 676 nrum.
185 609 244 676 sed
266 609 322 674 ubi
336 609 478 693 remigio
493 611 621 694 plumae
637 614 765 693 raptum
779 609 928 677 maritum
944 609 1120 692 proceritas
1136 610 1235 692 spatii

69 725 185 786 lecerat
213 721 370 801 alienum,
405 739 464 803 per
491 719 631 803 proximi
661 719 802 785 fluminis
824 720 1012 802 marginem
1025 719 1234 804 praecipitem

39 847 137 898 esese
159 831 259 904 dedit.
296 829 353 896 sed
382 831 469 896 mitis
502 830 619 896 fluuius
642 830 676 894 in
698 830 852 895 honorem
874 829 927 895 dei
957 829 1093 913 scilieet,
1128 830 1236 911 quiet

68 946 281 1027 ipsas-aquas
304 958 397 1006 urere
427 942 608 1021 monuerit,
635 947 782 1006 metuens
811 939 874 1006 sibi
904 940 1071 1008 confestim
1094 960 1165 1005 eam
1188 941 1235 1006 in·
1318 947 1321 959 ’

69 1055 162 1119 noxio
187 1053 349 1118 uolumine
373 1071 470 1135 super
491 1052 595 1137 ripam
626 1050 792 1116 florentem
831 1050 939 1116 herbis
971 1051 1130 1134 exposuit.
1159 1056 1234 1119 tunc
1297 1122 1299 1127 ³

69 1166 143 1228 torte
165 1165 237 1228 Pan
260 1163 340 1228 deus
363 1162 500 1228 rusticus
523 1161 613 1228 iuxta
636 1162 840 1246 supercilium
862 1161 967 1226 amnis
996 1159 1131 1226 sedebat
1152 1178 1235 1224 com-

70 1276 179 1358 plexus
201 1274 290 1345 Echo
313 1278 498 1338 montanam
521 1272 614 1337 deam
630 1291 766 1356 eamque
787 1273 920 1337 uoculas
936 1269 1136 1336 omnimodas
1159 1269 1235 1334 edo-

31 1400 55 1446 ιο
71 1405 141 1450 oens
176 1384 352 1466 reccinerc3
387 1383 533 1466 proxime
565 1384 669 1467 ripam
692 1403 775 1465 uago
797 1388 895 1466 pastu
915 1381 1088 1448 lasciuiunt
1110 1400 1233 1444 comam

71 1495 157 1560 fluuii
171 1494 343 1560 tondentes
359 1494 513 1577 capellae.
537 1494 704 1560 hirouosus
720 1493 799 1558 deus
815 1493 958 1558 sauciam
973 1491 1122 1575 Psychen
1137 1497 1234 1574 atque
1342 1557 1346 1562 ,

71 1605 224 1670 detectam
247 1611 416 1686 utcumque
449 1622 543 1670 casus
577 1605 646 1670 eius
679 1623 745 1668 non
775 1601 897 1667 inscius
926 1603 1100 1666 clementer
1127 1600 1170 1666 ad
1200 1619 1235 1666 se

70 1722 214 1781 uocatam
238 1715 284 1780 sic
306 1716 482 1799 permulcet
503 1714 611 1779 uerbis
634 1713 829 1779 lenientibus

149 1819 285 1891 ‘Puella
306 1824 429 1906 scitula,
453 1847 523 1890 sum
538 1822 667 1908 quidem
690 1823 872 1888 rusticanus
894 1827 926 1887 et
951 1821 1050 1906 upilio
1066 1820 1125 1888 sed
1141 1840 1234 1887 sene·

35 1953 58 2002 n
76 1936 165 2002 ctutis
188 1935 334 2020 prolixae
355 1934 512 2000 beneficio
535 1935 643 2000 multis
666 1932 895 2017 experimentis
919 1931 1100 1999 instructus.
1123 1951 1236 1997 uerum
1273 1967 1276 1973 ,

21 2050 58 2118 uc]
75 2047 100 2110 si
125 2051 212 2112 recte
241 2046 400 2123 coniecto,
431 2043 516 2126 quod
544 2045 684 2128 profecto
713 2043 888 2126 prudentes
910 2042 973 2106 uiri
1003 2042 1236 2145 diuinatioqem

77 2162 247 2238 autumant,
271 2155 312 2220 ab
328 2155 389 2221 isto
405 2155 562 2220 titubante
577 2161 609 2220 et
625 2155 756 2238 saepius
771 2153 962 2218 caecillante
977 2153 1115 2235 uestigio
1131 2153 1235 2236 deque

74 2267 167 2332 nimio
198 2267 322 2351 pallore
356 2265 497 2350 corporis
530 2271 562 2330 ct
592 2265 725 2331 assiduo
763 2264 936 2349 suspiratu,
971 2264 1067 2331 immo
1096 2269 1127 2329 et
1155 2264 1236 2348 ipsis

79 2377 289 2444 maerentibus
327 2377 428 2442 oeulis
462 2377 543 2459 tuis,
581 2395 689 2453 amore
726 2376 825 2440 nimio
861 2374 1001 2440 laboras.
1046 2393 1123 2458 crgo
1158 2374 1242 2456 mihi,

35 2493 60 2542 20
76 2491 217 2555 ausculta
239 2507 299 2553 nec
321 2494 352 2553 te
374 2508 485 2553 rursus
506 2487 696 2572 praecipitio
719 2487 773 2552 uel
806 2486 871 2551 ullo
895 2485 1005 2551 mortis
1027 2474 1184 2552 accersito
1205 2492 1237 2551 te

76 2617 187 2679 genere
210 2600 361 2683 perimas.
397 2599 515 2663 luctum
531 2598 643 2663 desine
666 2604 697 2663 et
718 2617 804 2683 pone
823 2616 1002 2662 maerorem
1024 2596 1238 2680 precibusque

77 2710 176 2790 potius
201 2708 393 2793 Cupidinem
415 2708 546 2773 deorum
575 2708 751 2773 maximum
786 2709 914 2792 percolo
942 2714 974 2771 et
995 2712 1105 2790 utpote
1127 2706 1239 2771 adule-

81 2828 215 2888 scentem
231 2804 404 2884 delicatum
426 2819 689 2901 luxuriosumque
704 2818 833 2883 blandis
849 2817 1011 2901 obsequiis
1034 2809 1236 2901 promerere?

154 2931 208 2996 Sic
231 2931 336 2995 locuto
359 2929 418 2993 deo
441 2933 573 3011 pastore
595 2928 748 3011 nulloque
770 2946 916 2993 sermone
938 2926 1064 2991 reddito
1087 2926 1145 2992 sed
1160 2926 1238 2990 ado·
1259 2916 1369 2983 XXVI

36 3047 60 3095 25
77 3046 138 3102 rato
159 3046 287 3107 tantum
308 3040 440 3105 numine
463 3038 596 3104 salutari
618 3037 743 3122 Psyche
771 3038 876 3121 pergit
903 3037 961 3102 ire.
997 3036 1055 3101 sed
1077 3087 1084 3101 .
1103 3087 1110 3100 .
1127 3088 1158 3100 ..
1182 3037 1239 3100 ali-

79 3166 166 3227 quam
182 3151 316 3215 multum
331 3151 411 3215 uiae.
420 3149 581 3213 laboranti
596 3148 733 3231 uestigio
748 3154 956 3232 pererrasset,
979 3146 1082 3213 inscio
1098 3145 1237 3229 quodam

78 3262 197 3326 tramite
219 3262 285 3325 iam
313 3259 365 3325 die
398 3259 527 3323 labente
566 3258 689 3326 accedit
712 3256 874 3341 quandam
904 3240 1081 3338 ciuitatem,
1112 3256 1146 3320 in
1175 3278 1239 3340 qua

80 3388 205 3453 regnum
229 3372 363 3436 maritus
386 3369 480 3434 unius
503 3370 622 3435 sororis
646 3369 714 3435 eius
738 3368 913 3452 optinebat.
951 3386 1016 3450 qua
1043 3386 1077 3432 re
1107 3369 1238 3450 cognita

80 3476 199 3563 Psyche
220 3482 362 3547 nuntiari
384 3480 599 3563 praesentiam
623 3500 713 3545 suam
743 3478 843 3545 sorori
873 3476 1050 3558 desiderat,
1085 3496 1159 3541 mox
1190 3479 1236 3543 in-

80 3717 372 3726 w

144 3884 282 3951 luiluq:
305 3884 355 3935 nrlr
375 3882 403 3935 F
483 3882 592 3936 tlEcho
617 3888 771 3936 montanam
787 3880 919 3935 laberius:
942 3884 993 3951 hec
1019 3885 1097 3939 homo
1124 3880 1192 3938 caud
1215 3883 1244 3937 F

81 3978 226 4031 ommuedal
242 3978 286 4045 Pp>
305 3976 409 4095 (neutras
423 3984 509 4047 supra
527 3976 619 4030 odd'
608 3993 636 4029 aa
654 3982 684 4045 φ)
761 3980 791 4028 lo
810 3968 887 4029 comi
905 3976 972 4045 (fuit
993 3967 1052 4041 Η(
1128 3983 1155 4031 11
1176 3979 1238 4046 hyr-

82 4095 207 4147 cuolulF
293 4100 324 4149 t6
344 4057 444 4163 pdente
417 4094 500 4149 tera
572 4099 604 4147 ‘22
622 4080 792 4148 adolescente
809 4097 834 4146 F
913 4100 943 4149 25
962 4112 1070 4149 nomme
1088 4095 1141 4165 Fa,
1160 4113 1183 4150 c.
1201 4114 1239 4151 nn

81 4197 157 4253 supro
175 4188 258 4242 odd.'
247 4206 275 4242 ea
293 4209 312 4257 p
381 4204 407 4241 a
409 4183 473 4256 qud
491 4190 529 4249 (io
546 4204 600 4242 ras.
619 4204 715 4241 monos
722 4188 967 4260 secundoprimum
981 4190 1125 4258 smqrsith,
1143 4189 1240 4244 deinde

82 4272 126 4332 boe
141 4284 256 4336 mutauit
273 4284 301 4335 io
317 4283 387 4347 Μ
405 4283 495 4351 aliqua
513 4302 541 4351 φ,
560 4298 620 4336 cum
638 4281 754 4350 aliquam
762 4284 878 4337 coniecit
888 4282 1050 4345 Graeceius,
1068 4283 1240 4351 ubialiquam

90 4366 203 4429 Wossiua
287 4380 318 4430 27
337 4376 380 4430 die
396 4378 503 4433 labente
520 4375 665 4439 Bartbior:
683 4376 824 4429 delabente
841 4377 873 4439 F,
891 4374 1016 4429 dlabente
1033 4395 1053 4443 φ
