2934 4900
421 205 436 227 ‘
506 248 578 295 cnr.
602 247 831 295 xxvn-xxxr
988 232 990 237 ’
1207 238 1265 301 173

93 398 274 476 miamicta‚
311 398 408 465 nudis
438 407 470 465 et
498 400 626 465 intectis
653 399 809 483 pedibus,
846 402 952 466 lurore
974 402 1079 467 buxeo
1102 404 1267 487 macieque

91 508 225 575 foedata
246 516 277 574 et
298 508 480 594 discerptae
501 530 612 576 comae
646 511 830 577 semicanae
859 511 1025 578 sordentes
1054 513 1204 597 inspersu
1226 517 1268 581 oi·
1346 526 1349 535 '
1465 518 1466 525 ’

90 620 183 686 neris
212 621 400 705 pleramque
427 612 497 686 eius
525 621 754 687 anteuentulae
783 622 996 705 contegebant
1017 624 1142 689 faciem.
1186 624 1267 691 haec
1386 686 1392 695 ,
1465 684 1466 691 ,

93 730 171 796 talis
204 734 303 796 manu
336 732 449 815 pistori
481 719 653 797 clementer
688 732 809 797 iniecta
838 733 931 816 quasi
954 734 1121 817 quippiam
1144 742 1266 801 secreto
1465 712 1466 721 ἵ

53 842 357 907 5conlocutura1n
380 863 472 908 suum
494 843 692 907 cubiculum
705 840 834 907 deducit
822 849 941 907 teum
971 850 1004 909 ot
990 844 1171 910 tadducta
1199 847 1267 913 fore

90 971 192 1033 quam
229 950 412 1019 diutissime
448 952 632 1017 demoratur
595 974 640 1017 ur.
685 951 743 1017 sed
775 972 845 1017 cunr
879 960 965 1019 esset
995 957 1059 1018 iam
1088 956 1265 1022 contectum

87 1081 188 1127 omne
216 1062 408 1128 frumentum
436 1062 523 1147 quod
550 1064 633 1128 inter
654 1082 770 1128 manus
793 1063 924 1147 opifices
952 1070 1184 1148 tractauerant,
1213 1087 1267 1149 ne-

88 1172 300 1257 ceesarioque
322 1174 389 1258 peti
412 1154 544 1239 deberet
565 1173 669 1249 alind,
700 1174 820 1239 scr-nuli
851 1173 1035 1240 cubiculum
1059 1183 1189 1261 propter
1211 1141 1278 1245 ad?

91 1289 218 1351 stantes
242 1283 406 1348 dominum
429 1285 590 1349 uocabant
604 1284 760 1368 operique
775 1287 1034 1369 supplementum
1049 1287 1265 1368 postulabant.

38 1400 191 1476 ibatque
220 1400 256 1458 ut
290 1394 356 1460 illis
385 1394 548 1478 saepicule
577 1401 609 1459 et
636 1396 876 1460 interuoealiter
904 1396 1122 1462 clamantibus
1158 1400 1266 1465 nullus

90 1503 261 1588 respondit
283 1502 441 1586 dominus,
464 1505 528 1570 iam
551 1505 651 1569 iorem
674 1507 805 1588 pulsare
828 1504 968 1571 ualidius
983 1514 1014 1571 et
1029 1507 1114 1590 quod
1130 1506 1266 1591 diligen-

89 1606 218 1679 tissime
247 1614 353 1679 inerat
380 1615 605 1699 oppessulata‚
642 1615 748 1682 maius
770 1616 927 1699 peiusque
949 1616 1073 1700 aliquid
1096 1619 1266 1701 opinantes

89 1725 167 1789 nisu
196 1724 306 1790 ualido
334 1724 466 1790 reducto
494 1726 549 1789 uel
577 1724 724 1790 diffracto
755 1726 887 1791 cardine
916 1727 1046 1792 tandem
1069 1729 1266 1811 patefaciunt

89 1833 225 1899 aditum.
270 1854 330 1899 nec
359 1836 486 1919 uspiam
517 1842 646 1920 reperta
681 1837 739 1900 illa
772 1836 905 1902 muliere
939 1836 1052 1903 uident
1079 1858 1097 1903 e
1126 1838 1266 1923 quodam

37 1961 68 2009 ιι
87 1946 195 2028 tigillo
219 1947 424 2011 constrictum
439 1946 568 2029 iamque
583 1948 765 2012 exanimem
788 1946 929 2030 pendere
944 1946 1108 2013 dominum
1131 1968 1266 2030 eumque

87 2054 176 2133 nodo
213 2056 347 2122 ceruicis
385 2056 567 2122 absolutum
603 2056 844 2148 detractumque
881 2057 1014 2123 summis
1050 2059 1261 2142 plangoribus

87 2167 289 2250 summisque
311 2166 644 2232 lamentationibust
611 2174 644 2231 at
645 2187 706 2251 que
722 2168 778 2233 ult'
756 2174 833 2232 trmo
855 2168 984 2232 lauacro
1000 2175 1172 2252 procurant
1193 2190 1304 2269 per-n

4 2307 22 2319 ι·
83 2276 237 2361 actisque
266 2277 420 2343 feralibus
455 2277 570 2344 officiis
598 2278 758 2361 frequenti
785 2284 999 2361 prosequente
1021 2278 1172 2345 comitatu
1199 2287 1261 2345 tra-

86 2386 170 2452 dunt
191 2390 384 2472 sepulturae.

33 2518 68 2566 20
174 2500 237 2563 Dic
274 2500 420 2582 sequenti
396 2500 524 2564 tfilia
561 2500 630 2566 eins
658 2501 840 2564 accurrite
869 2519 1024 2582 proxumo
1054 2520 1108 2566 cas
1110 2493 1233 2583 telio,
1225 2523 1259 2566 ιιι
1281 2497 1392 2564 XXXI

87 2608 177 2693 quod
199 2608 324 2692 pridem
353 2610 563 2695 denupscrat,
592 2591 717 2676 maesta
746 2593 842 2694 atque
872 2609 975 2676 crines
1004 2611 1163 2694 pendulos
1186 2631 1261 2695 qua*

86 2721 175 2785 tiens
197 2727 229 2784 et
250 2719 411 2784 interdum
432 2721 550 2804 pugnis
573 2721 754 2786 obtundens
776 2720 892 2800 ubera,
916 2740 999 2804 quae
1021 2722 1109 2786 nullo
1132 2723 1261 2805 quidem

86 2829 206 2896 domus
227 2831 434 2895 intortunium
456 2831 625 2896 nuntiante
647 2837 762 2896 cuncta
777 2836 939 2914 cognorat,
963 2831 1020 2897 sed
1043 2831 1072 2894 ei
1094 2851 1153 2914 per
1175 2834 1261 2915 quic-

85 2948 154 3006 tem
177 2940 292 3006 obtulit
314 2961 386 3007 sese
415 2939 534 3006 flebilis
560 2942 663 3024 patris
686 2941 735 3006 sui
758 2941 858 3006 facies
880 2940 985 3006 adbuc
1007 2941 1090 3006 nodo
1117 2943 1260 3008 reuincta

30 3061 65 3109 25
87 3051 217 3116 ceruice
246 3053 340 3135 eique
375 3058 475 3116 totum
507 3071 666 3116 nouercae
695 3053 800 3117 scelus
829 3052 955 3135 aperuit
977 3051 1017 3116 de
1038 3051 1196 3117 adulterio
1219 3051 1260 3119 de

86 3161 248 3225 maleficio
270 3168 303 3227 et
324 3181 419 3245 quem
449 3162 492 3226 ad
525 3161 653 3226 modum
685 3162 829 3226 laruatus
851 3161 894 3225 ad
916 3162 1039 3228 Interes
1068 3162 1259 3228 demeasset.

87 3291 131 3335 ea
158 3290 231 3335 cum
264 3291 299 3336 se
328 3272 451 3337 diutino
484 3274 640 3356 plangore
663 3272 851 3348 cruciasset,
876 3269 1032 3338 concursu
1054 3273 1259 3338 familiarium

85 3381 233 3446 cohibita
264 3383 394 3448 tandem
422 3402 558 3465 pansam
576 3383 689 3460 ¹luctui
716 3382 799 3446 feeit.
843 3383 971 3466 iamque
1002 3403 1087 3448 nono
1116 3382 1169 3449 die
1201 3384 1260 3448 rite

87 3492 258 3576 completis
273 3491 360 3577 apud
381 3494 537 3557 tumulum
558 3493 766 3558 sollemnibus
788 3492 944 3557 familiam
968 3495 1271 3586 supellectilemque

29 3623 66 3672 30
87 3610 121 3668 et
150 3603 260 3667 omnia
280 3603 423 3667 iumenta
450 3603 493 3668 ad
525 3602 754 3668 hereditariam
788 3602 917 3668 deducit
953 3603 1141 3670 auctionem.
1185 3613 1260 3670 tunc

86 3734 188 3778 unum
211 3714 313 3778 larem
336 3713 425 3777 uarie
447 3712 606 3797 dispergit
626 3713 823 3779 uenditicnis
837 3712 987 3778 incertae
1010 3714 1180 3780 licentiosa
1200 3716 1270 3781 icr-'

86 3831 178 3889 tuna.
212 3829 263 3888 ine
284 3823 424 3906 denique
447 3823 552 3907 ipsum
574 3825 789 3908 pauperculus
813 3823 944 3908 quidam
966 3823 1155 3892 hortulanus
1178 3827 1260 3888 com-

87 3941 186 4019 parat
208 3934 441 4018 quinquaginta
464 3934 612 4018 nummis,
637 3953 754 4017 magno
776 3941 810 3998 ut
798 3933 941 4000 taiebat
963 3933 1019 3999 sed
1043 3942 1077 4000 ut
1099 3934 1259 4000 communi

154 4152 323 4225 2fedatal'
409 4151 535 4218 tpiitcri
551 4151 720 4209 Beroaldus:
738 4153 790 4221 pult
779 4153 844 4206 torrl
860 4153 902 4220 Fp
989 4157 1032 4206 5
1025 4114 1135 4206 c:buculi
1145 4151 1213 4220 (fuit
1231 4151 1260 4213 li)

84 4273 119 4337 F,
137 4268 260 4344 ibiculi,
277 4271 341 4326 add
366 4271 393 4323 tu
412 4286 498 4340 marg.
518 4287 540 4324 c
565 4268 729 4341 cubiculdp
820 4276 849 4324 13
868 4273 917 4324 mli
934 4270 973 4335 F,
998 4289 1054 4340 nc
1141 4273 1173 4324 29
1200 4270 1259 4338 lup-

84 4355 245 4436 pellectdeq3
264 4367 289 4417 F
