2934 4900
235 232 293 294 182
436 277 441 287 .
756 242 849 290 cmm
871 244 894 289 x

234 398 318 468 enim
341 396 420 461 mihi
443 395 675 461 uidebatur-
698 396 833 461 sarcinis
863 395 1002 480 propriis
1033 400 1183 462 onustum
1207 406 1238 459 et
1259 416 1391 479 prorsum

234 495 428 573 exomatum'
445 512 667 589 armatumque
688 504 869 570 militariter
900 504 1048 590 producit
1069 504 1111 571 ad
1133 506 1230 571 uiam.
1274 526 1345 571 nam
1364 513 1388 569 et

232 618 361 701 galeam
383 617 487 683 nitore
508 615 761 699 praemicantem
787 622 819 681 et
842 623 966 681 scutum
992 635 1084 681 cereo
1106 615 1234 699 longius
1256 616 1387 681 relucens

232 727 292 794 sed
314 726 409 794 etiam
430 728 576 791 lanceam
599 725 787 809 longissimo
809 724 921 792 hastili
944 727 1161 810 conspicuam,
1185 745 1269 809 quae
1284 725 1388 792 scilicet

232 858 297 904 non
318 836 509 921 disciplinae
531 842 607 901 tunc
628 834 758 917 quidem
780 854 879 902 causa
910 834 967 903 sed
995 842 1127 921 propter
1155 835 1321 901 terrendos
1342 835 1388 898 ml·
1414 839 1423 885 5

232 967 323 1015 seros
357 947 498 1013 uiatores
531 946 566 1011 in
595 966 717 1012 summo
746 942 843 1029 atque
874 944 960 1011 edito
989 946 1189 1011 sarcinarum
1213 945 1333 1010 cumulo
1354 944 1388 1009 ad

232 1058 335 1123 instar
362 1057 521 1123 exercitus
554 1053 666 1123 sedulo
699 1062 930 1139 composuerat.
976 1056 1119 1124 confecta
1141 1055 1313 1140 campestri
1340 1072 1387 1119 nec

233 1167 315 1233 adeo
338 1166 461 1232 difficili
488 1166 543 1231 uia
565 1166 608 1230 ad
631 1164 794 1250 quandam
817 1165 1016 1231 ciuitatulam
1044 1166 1252 1251 peruenimus
1281 1183 1334 1230 uec
1360 1164 1387 1227 in

233 1278 360 1343 stabulo
384 1274 497 1343 sedin
520 1276 614 1341 domo
636 1275 803 1341 cuiusdam
826 1273 1008 1343 decurionis
1031 1274 1237 1343 deuertimus.
1281 1276 1386 1341 statim-

232 1408 294 1471 que
330 1407 382 1453 me
419 1385 641 1452 commendato
678 1384 805 1451 cuidam
841 1386 969 1452 seruulo
1003 1384 1074 1470 ipse
1109 1385 1151 1451 ad
1185 1385 1386 1470 praepositum
1402 1394 1421 1441 lt

232 1519 339 1578 suum,
370 1497 425 1581 qui
448 1496 534 1561 mille
555 1501 750 1561 armatorum
773 1494 923 1560 ducatum
945 1495 1140 1577 sustinebat,
1176 1496 1308 1562 sollicite
1327 1514 1387 1579 pro-

231 1607 394 1673 ficiscitur.

177 1718 209 1783 11
317 1716 394 1783 Post
421 1712 493 1781 dies
521 1715 684 1800 plusculos
713 1714 834 1780 ibidem
857 1714 1063 1799 designatum
1091 1717 1261 1783 scelestum
1283 1735 1317 1781 ac
1335 1733 1387 1779 ne·

231 1826 347 1892 larium
369 1826 494 1891 facinus
516 1824 662 1907 memini,
697 1823 755 1891 sed
783 1832 818 1890 ut
839 1845 897 1891 uos
920 1826 1016 1890 etiam
1045 1826 1178 1910 legatis,
1212 1825 1255 1891 ad
1284 1825 1387 1889 librum

230 1936 367 2021 profero.
412 1934 559 2001 dominus
582 1933 711 2000 aedium
733 1934 876 2000 habebat
904 1935 1053 2001 iuuenem
1074 1935 1174 2001 filium
1198 1936 1296 2021 probe
1316 1934 1387 1999 litte·
1402 1935 1421 1982 ¹5

231 2052 335 2111 ratum
359 2044 517 2129 atquaob
539 2045 573 2111 id
595 2050 829 2127 consequenter
857 2045 977 2129 pietate
999 2045 1160 2113 modestia
1181 2046 1385 2130 praecipuum,

232 2176 325 2241 quem
341 2155 399 2220 tibi
423 2174 549 2239 quoque
571 2155 761 2239 prouenisse
783 2174 917 2238 cuperes
947 2156 998 2221 uel
1029 2156 1137 2222 talem.
1182 2156 1277 2223 huius
1298 2161 1386 2219 matre

231 2267 330 2354 multo
362 2270 437 2328 aute
474 2262 625 2331 defuncta
660 2286 787 2331 rursum
819 2265 1058 2331 matrimonium
1095 2265 1158 2332 sibi
1194 2270 1386 2351 reparauerat

230 2376 390 2460 ductaque
411 2373 476 2438 alia
498 2374 598 2439 filium
620 2380 847 2460 procreaucrat
868 2375 978 2458 alium,
1002 2376 1058 2460 qui
1079 2375 1302 2459 adaequeiam
1322 2374 1386 2439 duo·

231 2486 387 2551 decimum
410 2505 530 2550 annum
553 2486 669 2552 aetatis
691 2493 940 2569 supercesserat.
971 2485 1029 2552 sed
1052 2506 1192 2552 nouerca
1213 2487 1313 2552 forma
1332 2503 1386 2548 ma·
1400 2476 1420 2524 ²⁰

231 2596 281 2680 gis
305 2616 400 2679 quam
423 2596 566 2662 moribus
588 2597 622 2660 in
645 2594 739 2661 domo
762 2595 868 2660 mariti
897 2597 1102 2681 praepollens
1132 2617 1190 2664 seu
1212 2595 1386 2662 naturaliter

232 2705 393 2790 impudica
415 2724 473 2772 seu
494 2706 559 2771 fato
581 2705 624 2771 ad
646 2712 822 2772 extremum
854 2707 995 2792 impulsa
1028 2706 1186 2790 flagitium
1219 2707 1324 2773 oculos
1352 2703 1386 2768 ad

231 2816 415 2901 priuignum
437 2815 563 2881 adiecit.
585 2815 649 2880 iam
665 2836 750 2900 ergo,
773 2817 873 2882 lector
895 2818 1023 2901 optime,
1047 2817 1169 2883 scitote
1191 2817 1385 2900 tragoediam,

230 2946 294 2992 non
316 2925 458 2991 fabulam
479 2927 588 3009 legere
611 2934 642 2993 et
664 2947 685 2990 a
707 2945 799 2993 socco
822 2925 865 2991 ad
893 2928 1083 3016 cothurnum
1111 2926 1297 2994 ascendere.
1338 2923 1387 2992 sed

231 3036 346 3101 mulier
368 3035 544 3120 illaquam
566 3036 622 3101 diu
644 3037 756 3122 primis
778 3036 941 3104 alimentis
958 3037 1082 3124 Cupido
1105 3036 1386 3123 paruulusnutrie-
1399 3047 1420 3094 u

231 3146 333 3228 batur,
356 3145 518 3211 inbecillis
539 3144 645 3211 adhuc
667 3147 736 3212 eius
759 3146 883 3212 uiribus
905 3148 1000 3214 facile
1023 3149 1171 3213 ruborem
1194 3154 1319 3214 tenuem
1341 3145 1386 3209 de·

229 3256 374 3340 primens
411 3255 540 3321 silentio
577 3256 757 3323 resistebat.
801 3263 835 3321 at
868 3257 923 3322 ubi
952 3259 1118 3346 completis
1147 3258 1223 3342 igne
1256 3272 1386 3324 uaesano
1399 3253 1445 3326 [llll

229 3366 304 3430 totis
335 3364 532 3449 praecordiis
559 3364 717 3433 inmodice
745 3366 920 3434 bacchatus
943 3367 1041 3434 Amor
1070 3367 1297 3450 exaestuabat,
1325 3384 1386 3433 sac·

231 3475 331 3540 uienti
355 3472 416 3540 dec
446 3474 510 3538 iarn
533 3475 714 3558 succubuit,
750 3483 781 3542 et
802 3478 957 3560 languore
981 3479 1130 3544 simulato
1159 3479 1275 3544 uulnus
1298 3473 1386 3542 animi

231 3583 382 3649 mentitur
404 3585 437 3649 in
460 3586 602 3668 corporis
624 3585 820 3652 ualetudine.
865 3587 930 3652 iam
958 3596 1064 3654 cetera
1094 3588 1206 3654 salutis
1228 3589 1386 3670 uultusque
1399 3594 1421 3643 30

230 3692 423 3759 detrimenta
445 3701 476 3758 et
497 3696 604 3778 aegris
626 3697 863 3764 clamantibus
892 3699 1085 3764 examussim
1108 3698 1280 3764 conuenire
1302 3714 1386 3763 nemo

227 3803 283 3887 qui
297 3804 434 3869 nesciat:
457 3806 561 3889 pallor
576 3805 738 3888 deformis,
762 3814 941 3874 marcentes
957 3808 1048 3890 oculi,
1064 3809 1153 3874 lassa
1167 3827 1282 3891 genua,
1306 3807 1386 3892 quies

228 3912 359 3977 turbida
380 3921 412 3978 et
434 3915 605 3999 suspiritus
627 3917 787 3984 cruciatus
809 3917 960 3983 tarditate
983 3919 1212 3984 uehementior.
1250 3915 1386 3983 crederes

295 4084 310 4133 3
329 4095 406 4136 cereo
424 4082 540 4152 scrrpsi:
557 4086 646 4135 cetera
664 4083 692 4136 F
755 4084 858 4152 longius
883 4084 1005 4139 relucens
1022 4084 1254 4140 Elmeabcrstias:
1278 4069 1387 4152 longiore

129 4174 134 4181 “
226 4171 319 4226 lucent
335 4172 363 4225 F
446 4178 475 4226 13
494 4170 636 4242 drllrgnatir
653 4175 701 4244 For
788 4181 820 4229 20
840 4177 1029 4246 supercellerat
1046 4178 1155 4233 Doara:
1174 4177 1334 4247 tupgellerat
1349 4174 1385 4241 Fr

229 4267 261 4317 24
280 4261 410 4319 cuintF
473 4270 504 4320 25
524 4267 683 4336 quandruF
746 4269 876 4324 alimentis
897 4269 1206 4327 Colaias:elemeut1lF
1272 4275 1303 4325 30
1321 4268 1385 4324 uale-

229 4356 348 4411 tudinem
366 4359 479 4414 ccctecr't
495 4359 694 4432 Berrrbcrdyas
763 4366 794 4417 32
813 4364 914 4432 pallore
932 4364 975 4435 Fe
1060 4373 1069 4388 ’
