<?xml version="1.0" encoding="UTF-8"?>
<!DOCTYPE html PUBLIC "-//W3C//DTD XHTML 1.0 Transitional//EN"
    "http://www.w3.org/TR/xhtml1/DTD/xhtml1-transitional.dtd">
<html xmlns="http://www.w3.org/1999/xhtml" xml:lang="en" lang="en">
 <head>
  <title>
</title>
<meta http-equiv="Content-Type" content="text/html;charset=utf-8" />
  <meta name='ocr-system' content='tesseract 3.04.00' />
  <meta name='ocr-capabilities' content='ocr_page ocr_carea ocr_par ocr_line ocrx_word'/>
</head>
<body>
  <div class='ocr_page' id='page_1' title='image "./metamorphoseonl00eyssgoog/metamorphoseonl00eyssgoog_0145.png"; bbox 0 0 2934 4900; ppageno 0'>
   <div class='ocr_carea' id='block_1_1' title="bbox 548 233 1299 294">
    <p class='ocr_par' dir='ltr' id='par_1_1' title="bbox 548 233 1299 294">
     <span class='ocr_line' id='line_1_1' title="bbox 548 233 1299 294; baseline 0.001 -2"><span class='ocrx_word' id='word_1_1' title='bbox 548 244 620 292; x_wconf 81' lang='lat' dir='ltr'>cnr.</span> <span class='ocrx_word' id='word_1_2' title='bbox 643 243 869 290; x_wconf 72' lang='lat' dir='ltr'>nav-xxvia</span> <span class='ocrx_word' id='word_1_3' title='bbox 1236 233 1299 294; x_wconf 80' lang='grc'>’133</span> 
     </span>
    </p>
   </div>
   <div class='ocr_carea' id='block_1_2' title="bbox 4 379 1456 3907">
    <p class='ocr_par' dir='ltr' id='par_1_2' title="bbox 4 379 1456 3907">
     <span class='ocr_line' id='line_1_2' title="bbox 115 379 1376 482; baseline 0.002 -22"><span class='ocrx_word' id='word_1_4' title='bbox 115 403 194 460; x_wconf 85' lang='lat' dir='ltr'>tem</span> <span class='ocrx_word' id='word_1_5' title='bbox 219 396 431 480; x_wconf 83' lang='lat' dir='ltr'>&#39;gratulationi</span> <span class='ocrx_word' id='word_1_6' title='bbox 460 415 551 462; x_wconf 90' lang='lat' dir='ltr'>meae</span> <span class='ocrx_word' id='word_1_7' title='bbox 584 379 725 480; x_wconf 82' lang='lat' dir='ltr'>quietius</span> <span class='ocrx_word' id='word_1_8' title='bbox 762 396 901 482; x_wconf 88' lang='lat' dir='ltr'>spatium</span> <span class='ocrx_word' id='word_1_9' title='bbox 934 395 1054 461; x_wconf 89' lang='lat' dir='ltr'>datum.</span> <span class='ocrx_word' id='word_1_10' title='bbox 1092 418 1166 462; x_wconf 88' lang='lat' dir='ltr'>nam</span> <span class='ocrx_word' id='word_1_11' title='bbox 1199 405 1301 465; x_wconf 91' lang='lat' dir='ltr'>mater</span> <span class='ocrx_word' id='word_1_12' title='bbox 1370 449 1376 462; x_wconf 92' lang='lat'><em>.</em></span> 
     </span>
     <span class='ocr_line' id='line_1_3' title="bbox 117 505 1302 591; baseline 0.003 -21"><span class='ocrx_word' id='word_1_13' title='bbox 117 505 223 591; x_wconf 89' lang='lat' dir='ltr'>pueri</span> <span class='ocrx_word' id='word_1_14' title='bbox 244 513 378 570; x_wconf 88' lang='lat' dir='ltr'>mortem</span> <span class='ocrx_word' id='word_1_15' title='bbox 400 506 574 591; x_wconf 82' lang='lat' dir='ltr'>deplorans</span> <span class='ocrx_word' id='word_1_16' title='bbox 596 507 746 573; x_wconf 83' lang='lat' dir='ltr'><strong>acerbam</strong></span> <span class='ocrx_word' id='word_1_17' title='bbox 768 505 826 571; x_wconf 90' lang='lat' dir='ltr'>filii</span> <span class='ocrx_word' id='word_1_18' title='bbox 848 506 924 572; x_wconf 86' lang='lat' dir='ltr'>fleta</span> <span class='ocrx_word' id='word_1_19' title='bbox 946 514 980 572; x_wconf 91' lang='lat' dir='ltr'>et</span> <span class='ocrx_word' id='word_1_20' title='bbox 1009 507 1180 573; x_wconf 89' lang='lat' dir='ltr'>lacrimosa</span> <span class='ocrx_word' id='word_1_21' title='bbox 1200 509 1302 574; x_wconf 88' lang='lat' dir='ltr'>fusca·</span> 
     </span>
     <span class='ocr_line' id='line_1_4' title="bbox 121 616 1361 701; baseline 0.003 -21"><span class='ocrx_word' id='word_1_22' title='bbox 121 637 194 701; x_wconf 89' lang='lat' dir='ltr'>qne</span> <span class='ocrx_word' id='word_1_23' title='bbox 217 624 307 682; x_wconf 91' lang='lat' dir='ltr'>ueste</span> <span class='ocrx_word' id='word_1_24' title='bbox 330 623 476 683; x_wconf 90' lang='lat' dir='ltr'>contecta</span> <span class='ocrx_word' id='word_1_25' title='bbox 497 617 654 682; x_wconf 89' lang='lat' dir='ltr'>ambabus</span> <span class='ocrx_word' id='word_1_26' title='bbox 682 617 832 682; x_wconf 88' lang='lat' dir='ltr'>manibus</span> <span class='ocrx_word' id='word_1_27' title='bbox 860 616 992 682; x_wconf 84' lang='lat' dir='ltr'>trahens</span> <span class='ocrx_word' id='word_1_28' title='bbox 1014 618 1193 684; x_wconf 81' lang='lat' dir='ltr'>cinerosam</span> <span class='ocrx_word' id='word_1_29' title='bbox 1215 620 1301 684; x_wconf 90' lang='lat' dir='ltr'>cani·</span> <span class='ocrx_word' id='word_1_30' title='bbox 1355 630 1361 640; x_wconf 66' lang='lat'>⁶</span> 
     </span>
     <span class='ocr_line' id='line_1_5' title="bbox 4 714 1300 813; baseline 0.003 -22"><span class='ocrx_word' id='word_1_31' title='bbox 4 714 93 779; x_wconf 63' lang='lat'>2²⁰⁰]</span> <span class='ocrx_word' id='word_1_32' title='bbox 121 727 208 792; x_wconf 89' lang='lat' dir='ltr'>tiem</span> <span class='ocrx_word' id='word_1_33' title='bbox 229 726 379 792; x_wconf 86' lang='lat' dir='ltr'>heiulans</span> <span class='ocrx_word' id='word_1_34' title='bbox 401 734 433 792; x_wconf 91' lang='lat' dir='ltr'>et</span> <span class='ocrx_word' id='word_1_35' title='bbox 454 727 571 794; x_wconf 84' lang='lat' dir='ltr'>exinde</span> <span class='ocrx_word' id='word_1_36' title='bbox 594 727 798 812; x_wconf 72' lang='lat' dir='ltr'>proclamans</span> <span class='ocrx_word' id='word_1_37' title='bbox 822 726 982 792; x_wconf 83' lang='lat' dir='ltr'>stabulum</span> <span class='ocrx_word' id='word_1_38' title='bbox 1011 729 1164 813; x_wconf 81' lang='lat' dir='ltr'>inrumpit</span> <span class='ocrx_word' id='word_1_39' title='bbox 1193 749 1300 795; x_wconf 90' lang='lat' dir='ltr'>meum</span> 
     </span>
     <span class='ocr_line' id='line_1_6' title="bbox 77 833 1300 924; baseline 0.002 -22"><span class='ocrx_word' id='word_1_40' title='bbox 77 855 97 902; x_wconf 80' lang='lat'>5</span> <span class='ocrx_word' id='word_1_41' title='bbox 122 839 303 920; x_wconf 90' lang='lat' dir='ltr'>tunsisque</span> <span class='ocrx_word' id='word_1_42' title='bbox 318 857 356 902; x_wconf 92' lang='lat' dir='ltr'>ac</span> <span class='ocrx_word' id='word_1_43' title='bbox 384 837 598 904; x_wconf 88' lang='lat' dir='ltr'>diuerberatis</span> <span class='ocrx_word' id='word_1_44' title='bbox 612 836 821 903; x_wconf 86' lang='lat' dir='ltr'>uehementer</span> <span class='ocrx_word' id='word_1_45' title='bbox 836 836 989 904; x_wconf 88' lang='lat' dir='ltr'>uberibus</span> <span class='ocrx_word' id='word_1_46' title='bbox 1011 837 1124 924; x_wconf 90' lang='lat' dir='ltr'>incipit</span> <span class='ocrx_word' id='word_1_47' title='bbox 1142 833 1196 904; x_wconf 87' lang='lat' dir='ltr'>‘et</span> <span class='ocrx_word' id='word_1_48' title='bbox 1216 860 1300 906; x_wconf 90' lang='lat' dir='ltr'>nunc</span> 
     </span>
     <span class='ocr_line' id='line_1_7' title="bbox 124 947 1304 1033; baseline 0.003 -22"><span class='ocrx_word' id='word_1_49' title='bbox 124 949 193 1013; x_wconf 88' lang='lat' dir='ltr'>iste</span> <span class='ocrx_word' id='word_1_50' title='bbox 222 967 353 1013; x_wconf 87' lang='lat' dir='ltr'>securus</span> <span class='ocrx_word' id='word_1_51' title='bbox 379 947 569 1014; x_wconf 83' lang='lat' dir='ltr'>incumbens</span> <span class='ocrx_word' id='word_1_52' title='bbox 598 949 769 1033; x_wconf 88' lang='lat' dir='ltr'>praesepio</span> <span class='ocrx_word' id='word_1_53' title='bbox 797 947 967 1013; x_wconf 88' lang='lat' dir='ltr'>uoracitati</span> <span class='ocrx_word' id='word_1_54' title='bbox 995 968 1072 1014; x_wconf 91' lang='lat' dir='ltr'>suae</span> <span class='ocrx_word' id='word_1_55' title='bbox 1102 947 1241 1015; x_wconf 85' lang='lat' dir='ltr'>deseruit</span> <span class='ocrx_word' id='word_1_56' title='bbox 1270 958 1304 1016; x_wconf 89' lang='lat' dir='ltr'>et</span> 
     </span>
     <span class='ocr_line' id='line_1_8' title="bbox 123 1057 1326 1143; baseline 0.003 -22"><span class='ocrx_word' id='word_1_57' title='bbox 123 1057 348 1123; x_wconf 82' lang='lat' dir='ltr'>insatiabilem</span> <span class='ocrx_word' id='word_1_58' title='bbox 371 1058 626 1143; x_wconf 89' lang='lat' dir='ltr'>profundumque</span> <span class='ocrx_word' id='word_1_59' title='bbox 653 1066 799 1124; x_wconf 89' lang='lat' dir='ltr'>uentrem</span> <span class='ocrx_word' id='word_1_60' title='bbox 829 1058 1124 1143; x_wconf 87' lang='lat' dir='ltr'>semperesitando</span> <span class='ocrx_word' id='word_1_61' title='bbox 1147 1058 1326 1125; x_wconf 85' lang='lat' dir='ltr'>distendit.</span> 
     </span>
     <span class='ocr_line' id='line_1_9' title="bbox 124 1168 1304 1235; baseline 0.002 -3"><span class='ocrx_word' id='word_1_62' title='bbox 124 1187 190 1232; x_wconf 90' lang='lat' dir='ltr'>nec</span> <span class='ocrx_word' id='word_1_63' title='bbox 212 1187 387 1234; x_wconf 89' lang='lat' dir='ltr'>aerumnae</span> <span class='ocrx_word' id='word_1_64' title='bbox 407 1188 500 1234; x_wconf 91' lang='lat' dir='ltr'>meae</span> <span class='ocrx_word' id='word_1_65' title='bbox 521 1169 689 1234; x_wconf 88' lang='lat' dir='ltr'>miseretur·</span> <span class='ocrx_word' id='word_1_66' title='bbox 711 1170 763 1234; x_wconf 89' lang='lat' dir='ltr'>uel</span> <span class='ocrx_word' id='word_1_67' title='bbox 786 1168 1008 1234; x_wconf 90' lang='lat' dir='ltr'>detestabilem</span> <span class='ocrx_word' id='word_1_68' title='bbox 1030 1188 1139 1234; x_wconf 90' lang='lat' dir='ltr'>casum</span> <span class='ocrx_word' id='word_1_69' title='bbox 1161 1169 1304 1235; x_wconf 79' lang='lat' dir='ltr'>defuncti</span> 
     </span>
     <span class='ocr_line' id='line_1_10' title="bbox 122 1277 1302 1364; baseline 0.003 -23"><span class='ocrx_word' id='word_1_70' title='bbox 122 1277 278 1360; x_wconf 83' lang='lat' dir='ltr'>magistri</span> <span class='ocrx_word' id='word_1_71' title='bbox 300 1277 485 1344; x_wconf 81' lang='lat' dir='ltr'>recondatur</span> <span class='ocrx_word' id='word_1_72' title='bbox 509 1279 701 1362; x_wconf 86' lang='lat' dir='ltr'>sedscilioct</span> <span class='ocrx_word' id='word_1_73' title='bbox 716 1286 879 1345; x_wconf 88' lang='lat' dir='ltr'>senectam</span> <span class='ocrx_word' id='word_1_74' title='bbox 900 1279 1182 1364; x_wconf 89' lang='lat' dir='ltr'>infirmitatemque</span> <span class='ocrx_word' id='word_1_75' title='bbox 1196 1301 1302 1345; x_wconf 91' lang='lat' dir='ltr'>meam</span> 
     </span>
     <span class='ocr_line' id='line_1_11' title="bbox 60 1389 1302 1474; baseline 0.007 -27"><span class='ocrx_word' id='word_1_76' title='bbox 60 1400 101 1448; x_wconf 83' lang='lat'>10</span> <span class='ocrx_word' id='word_1_77' title='bbox 125 1390 307 1453; x_wconf 87' lang='lat' dir='ltr'>contemnit</span> <span class='ocrx_word' id='word_1_78' title='bbox 328 1409 366 1453; x_wconf 90' lang='lat' dir='ltr'>ac</span> <span class='ocrx_word' id='word_1_79' title='bbox 389 1389 524 1473; x_wconf 90' lang='lat' dir='ltr'>despicit</span> <span class='ocrx_word' id='word_1_80' title='bbox 547 1398 579 1455; x_wconf 90' lang='lat' dir='ltr'>et</span> <span class='ocrx_word' id='word_1_81' title='bbox 600 1391 731 1474; x_wconf 91' lang='lat' dir='ltr'>impunc</span> <span class='ocrx_word' id='word_1_82' title='bbox 754 1409 789 1454; x_wconf 91' lang='lat' dir='ltr'>se</span> <span class='ocrx_word' id='word_1_83' title='bbox 810 1390 947 1454; x_wconf 89' lang='lat' dir='ltr'>laturum</span> <span class='ocrx_word' id='word_1_84' title='bbox 969 1395 1094 1454; x_wconf 90' lang='lat' dir='ltr'>tanturn</span> <span class='ocrx_word' id='word_1_85' title='bbox 1109 1391 1213 1456; x_wconf 89' lang='lat' dir='ltr'>scelus</span> <span class='ocrx_word' id='word_1_86' title='bbox 1236 1410 1302 1456; x_wconf 89' lang='lat' dir='ltr'>cre-</span> 
     </span>
     <span class='ocr_line' id='line_1_12' title="bbox 126 1499 1302 1586; baseline 0.003 -24"><span class='ocrx_word' id='word_1_87' title='bbox 126 1499 195 1563; x_wconf 89' lang='lat' dir='ltr'>dit:</span> <span class='ocrx_word' id='word_1_88' title='bbox 219 1507 253 1563; x_wconf 92' lang='lat' dir='ltr'>at</span> <span class='ocrx_word' id='word_1_89' title='bbox 274 1510 444 1584; x_wconf 92' lang='lat' dir='ltr'>utcumque</span> <span class='ocrx_word' id='word_1_90' title='bbox 466 1520 501 1565; x_wconf 90' lang='lat' dir='ltr'>se</span> <span class='ocrx_word' id='word_1_91' title='bbox 523 1503 701 1586; x_wconf 89' lang='lat' dir='ltr'>praesumit</span> <span class='ocrx_word' id='word_1_92' title='bbox 722 1501 934 1565; x_wconf 90' lang='lat' dir='ltr'>innocentem.</span> <span class='ocrx_word' id='word_1_93' title='bbox 959 1507 1007 1584; x_wconf 82' lang='lat' dir='ltr'>est</span> <span class='ocrx_word' id='word_1_94' title='bbox 1022 1501 1108 1566; x_wconf 90' lang='lat' dir='ltr'>enirn</span> <span class='ocrx_word' id='word_1_95' title='bbox 1123 1520 1302 1584; x_wconf 85' lang='lat' dir='ltr'>congruens</span> 
     </span>
     <span class='ocr_line' id='line_1_13' title="bbox 126 1609 1302 1696; baseline 0.001 -22"><span class='ocrx_word' id='word_1_96' title='bbox 126 1609 284 1692; x_wconf 89' lang='lat' dir='ltr'>pessimis</span> <span class='ocrx_word' id='word_1_97' title='bbox 307 1611 474 1686; x_wconf 85' lang='lat' dir='ltr'>conatibus</span> <span class='ocrx_word' id='word_1_98' title='bbox 497 1616 608 1675; x_wconf 89' lang='lat' dir='ltr'>contra</span> <span class='ocrx_word' id='word_1_99' title='bbox 631 1611 761 1676; x_wconf 81' lang='lat' dir='ltr'>noxiam</span> <span class='ocrx_word' id='word_1_100' title='bbox 784 1610 1013 1676; x_wconf 90' lang='lat' dir='ltr'>conscientiam</span> <span class='ocrx_word' id='word_1_101' title='bbox 1035 1631 1164 1696; x_wconf 90' lang='lat' dir='ltr'>sperare</span> <span class='ocrx_word' id='word_1_102' title='bbox 1187 1612 1302 1677; x_wconf 88' lang='lat' dir='ltr'>securi-</span> 
     </span>
     <span class='ocr_line' id='line_1_14' title="bbox 127 1707 1303 1806; baseline 0.003 -23"><span class='ocrx_word' id='word_1_103' title='bbox 127 1726 241 1784; x_wconf 89' lang='lat' dir='ltr'>tatem.</span> <span class='ocrx_word' id='word_1_104' title='bbox 264 1741 339 1785; x_wconf 90' lang='lat' dir='ltr'>nam</span> <span class='ocrx_word' id='word_1_105' title='bbox 362 1741 420 1804; x_wconf 95' lang='lat' dir='ltr'>pro</span> <span class='ocrx_word' id='word_1_106' title='bbox 443 1719 537 1784; x_wconf 90' lang='lat' dir='ltr'>deum</span> <span class='ocrx_word' id='word_1_107' title='bbox 559 1720 672 1803; x_wconf 90' lang='lat' dir='ltr'>fidem,</span> <span class='ocrx_word' id='word_1_108' title='bbox 695 1707 880 1805; x_wconf 81' lang='lat' dir='ltr'>quadrupes</span> <span class='ocrx_word' id='word_1_109' title='bbox 901 1720 1113 1802; x_wconf 87' lang='lat' dir='ltr'>nequissime,</span> <span class='ocrx_word' id='word_1_110' title='bbox 1136 1722 1211 1786; x_wconf 89' lang='lat' dir='ltr'>licet</span> <span class='ocrx_word' id='word_1_111' title='bbox 1233 1742 1303 1806; x_wconf 90' lang='lat' dir='ltr'>pre-</span> 
     </span>
     <span class='ocr_line' id='line_1_15' title="bbox 127 1829 1372 1916; baseline 0.002 -22"><span class='ocrx_word' id='word_1_112' title='bbox 127 1831 254 1894; x_wconf 84' lang='lat' dir='ltr'>cariam</span> <span class='ocrx_word' id='word_1_113' title='bbox 282 1832 372 1896; x_wconf 90' lang='lat' dir='ltr'>uocis</span> <span class='ocrx_word' id='word_1_114' title='bbox 409 1851 539 1896; x_wconf 90' lang='lat' dir='ltr'>usuram</span> <span class='ocrx_word' id='word_1_115' title='bbox 577 1852 736 1915; x_wconf 85' lang='lat' dir='ltr'>sumeres,</span> <span class='ocrx_word' id='word_1_116' title='bbox 774 1832 824 1895; x_wconf 91' lang='lat' dir='ltr'>cui</span> <span class='ocrx_word' id='word_1_117' title='bbox 852 1829 984 1895; x_wconf 90' lang='lat' dir='ltr'>tandem</span> <span class='ocrx_word' id='word_1_118' title='bbox 1019 1833 1072 1896; x_wconf 90' lang='lat' dir='ltr'>uel</span> <span class='ocrx_word' id='word_1_119' title='bbox 1100 1833 1302 1916; x_wconf 89' lang='lat' dir='ltr'>ineptissimo</span> <span class='ocrx_word' id='word_1_120' title='bbox 1368 1873 1372 1881; x_wconf 87' lang='lat'><strong>·</strong></span> 
     </span>
     <span class='ocr_line' id='line_1_16' title="bbox 62 1939 1301 2027; baseline 0.004 -25"><span class='ocrx_word' id='word_1_121' title='bbox 62 1955 103 2002; x_wconf 70' lang='lat'>15</span> <span class='ocrx_word' id='word_1_122' title='bbox 127 1939 329 2024; x_wconf 85' lang='lat' dir='ltr'>persuadere</span> <span class='ocrx_word' id='word_1_123' title='bbox 358 1942 465 2025; x_wconf 90' lang='lat' dir='ltr'>possis</span> <span class='ocrx_word' id='word_1_124' title='bbox 498 1944 696 2007; x_wconf 88' lang='lat' dir='ltr'>atrocitatem</span> <span class='ocrx_word' id='word_1_125' title='bbox 727 1944 822 2006; x_wconf 89' lang='lat' dir='ltr'>istam</span> <span class='ocrx_word' id='word_1_126' title='bbox 845 1943 939 2026; x_wconf 90' lang='lat' dir='ltr'>culpa</span> <span class='ocrx_word' id='word_1_127' title='bbox 961 1961 1070 2007; x_wconf 90' lang='lat' dir='ltr'>carere</span> <span class='ocrx_word' id='word_1_128' title='bbox 1092 1962 1162 2006; x_wconf 93' lang='lat' dir='ltr'>cum</span> <span class='ocrx_word' id='word_1_129' title='bbox 1185 1964 1301 2027; x_wconf 92' lang='lat' dir='ltr'>propu-</span> 
     </span>
     <span class='ocr_line' id='line_1_17' title="bbox 127 2050 1302 2136; baseline 0.004 -23"><span class='ocrx_word' id='word_1_130' title='bbox 127 2070 233 2134; x_wconf 88' lang='lat' dir='ltr'>gnare</span> <span class='ocrx_word' id='word_1_131' title='bbox 255 2050 392 2135; x_wconf 91' lang='lat' dir='ltr'>pedibus</span> <span class='ocrx_word' id='word_1_132' title='bbox 415 2058 446 2116; x_wconf 90' lang='lat' dir='ltr'>et</span> <span class='ocrx_word' id='word_1_133' title='bbox 467 2072 577 2118; x_wconf 90' lang='lat' dir='ltr'>arcere</span> <span class='ocrx_word' id='word_1_134' title='bbox 600 2052 759 2118; x_wconf 90' lang='lat' dir='ltr'>morsibus</span> <span class='ocrx_word' id='word_1_135' title='bbox 781 2053 906 2117; x_wconf 92' lang='lat' dir='ltr'>misello</span> <span class='ocrx_word' id='word_1_136' title='bbox 929 2071 1028 2136; x_wconf 87' lang='lat' dir='ltr'>puero</span> <span class='ocrx_word' id='word_1_137' title='bbox 1057 2055 1223 2136; x_wconf 83' lang='lat' dir='ltr'>potueris?</span> <span class='ocrx_word' id='word_1_138' title='bbox 1259 2073 1302 2118; x_wconf 90' lang='lat' dir='ltr'>an</span> 
     </span>
     <span class='ocr_line' id='line_1_18' title="bbox 127 2160 1303 2247; baseline 0.003 -23"><span class='ocrx_word' id='word_1_139' title='bbox 127 2161 239 2246; x_wconf 88' lang='lat' dir='ltr'>ipsum</span> <span class='ocrx_word' id='word_1_140' title='bbox 263 2160 391 2245; x_wconf 90' lang='lat' dir='ltr'>quidem</span> <span class='ocrx_word' id='word_1_141' title='bbox 415 2163 545 2247; x_wconf 91' lang='lat' dir='ltr'>saepius</span> <span class='ocrx_word' id='word_1_142' title='bbox 575 2162 739 2228; x_wconf 89' lang='lat' dir='ltr'>incursare</span> <span class='ocrx_word' id='word_1_143' title='bbox 770 2162 911 2227; x_wconf 87' lang='lat' dir='ltr'>calcibus</span> <span class='ocrx_word' id='word_1_144' title='bbox 939 2163 1086 2247; x_wconf 91' lang='lat' dir='ltr'>potuisti,</span> <span class='ocrx_word' id='word_1_145' title='bbox 1116 2165 1303 2228; x_wconf 87' lang='lat' dir='ltr'>moriturum</span> 
     </span>
     <span class='ocr_line' id='line_1_19' title="bbox 129 2270 1305 2359; baseline 0.001 -22"><span class='ocrx_word' id='word_1_146' title='bbox 129 2291 210 2337; x_wconf 91' lang='lat' dir='ltr'>uero</span> <span class='ocrx_word' id='word_1_147' title='bbox 234 2270 408 2338; x_wconf 82' lang='lat' dir='ltr'>defendere</span> <span class='ocrx_word' id='word_1_148' title='bbox 431 2274 597 2338; x_wconf 88' lang='lat' dir='ltr'>alacritate</span> <span class='ocrx_word' id='word_1_149' title='bbox 620 2273 717 2338; x_wconf 90' lang='lat' dir='ltr'>simili</span> <span class='ocrx_word' id='word_1_150' title='bbox 739 2273 902 2357; x_wconf 80' lang='lat' dir='ltr'>nequisti?</span> <span class='ocrx_word' id='word_1_151' title='bbox 925 2280 1010 2338; x_wconf 89' lang='lat' dir='ltr'>certe</span> <span class='ocrx_word' id='word_1_152' title='bbox 1025 2272 1119 2337; x_wconf 91' lang='lat' dir='ltr'>dorso</span> <span class='ocrx_word' id='word_1_153' title='bbox 1142 2280 1305 2359; x_wconf 90' lang='lat' dir='ltr'>receptum</span> 
     </span>
     <span class='ocr_line' id='line_1_20' title="bbox 130 2383 1305 2470; baseline 0.004 -24"><span class='ocrx_word' id='word_1_154' title='bbox 130 2383 276 2447; x_wconf 86' lang='lat' dir='ltr'>auferres</span> <span class='ocrx_word' id='word_1_155' title='bbox 298 2385 443 2468; x_wconf 89' lang='lat' dir='ltr'>protinus</span> <span class='ocrx_word' id='word_1_156' title='bbox 466 2391 497 2450; x_wconf 92' lang='lat' dir='ltr'>et</span> <span class='ocrx_word' id='word_1_157' title='bbox 518 2384 625 2450; x_wconf 91' lang='lat' dir='ltr'>infesti</span> <span class='ocrx_word' id='word_1_158' title='bbox 654 2383 788 2450; x_wconf 89' lang='lat' dir='ltr'>latronis</span> <span class='ocrx_word' id='word_1_159' title='bbox 815 2384 954 2448; x_wconf 91' lang='lat' dir='ltr'>cruentis</span> <span class='ocrx_word' id='word_1_160' title='bbox 983 2383 1132 2450; x_wconf 89' lang='lat' dir='ltr'>manibus</span> <span class='ocrx_word' id='word_1_161' title='bbox 1155 2385 1305 2470; x_wconf 89' lang='lat' dir='ltr'>eriperes,</span> 
     </span>
     <span class='ocr_line' id='line_1_21' title="bbox 64 2494 1304 2579; baseline -0.001 -17"><span class='ocrx_word' id='word_1_162' title='bbox 64 2514 108 2562; x_wconf 73' lang='lat' dir='ltr'>no</span> <span class='ocrx_word' id='word_1_163' title='bbox 130 2503 329 2579; x_wconf 89' lang='lat' dir='ltr'>postremum</span> <span class='ocrx_word' id='word_1_164' title='bbox 358 2494 485 2561; x_wconf 87' lang='lat' dir='ltr'>deserto</span> <span class='ocrx_word' id='word_1_165' title='bbox 513 2496 701 2579; x_wconf 89' lang='lat' dir='ltr'>deiectoque</span> <span class='ocrx_word' id='word_1_166' title='bbox 733 2496 789 2559; x_wconf 91' lang='lat' dir='ltr'>illo</span> <span class='ocrx_word' id='word_1_167' title='bbox 822 2514 977 2561; x_wconf 90' lang='lat' dir='ltr'>conseruo</span> <span class='ocrx_word' id='word_1_168' title='bbox 1010 2495 1164 2577; x_wconf 88' lang='lat' dir='ltr'>magistro</span> <span class='ocrx_word' id='word_1_169' title='bbox 1186 2498 1304 2561; x_wconf 90' lang='lat' dir='ltr'>comite</span> 
     </span>
     <span class='ocr_line' id='line_1_22' title="bbox 130 2607 1304 2690; baseline 0.001 -22"><span class='ocrx_word' id='word_1_170' title='bbox 130 2612 265 2689; x_wconf 86' lang='lat' dir='ltr'>pastore</span> <span class='ocrx_word' id='word_1_171' title='bbox 287 2626 351 2671; x_wconf 88' lang='lat' dir='ltr'>non</span> <span class='ocrx_word' id='word_1_172' title='bbox 376 2607 462 2672; x_wconf 90' lang='lat' dir='ltr'>solus</span> <span class='ocrx_word' id='word_1_173' title='bbox 485 2608 667 2689; x_wconf 87' lang='lat' dir='ltr'>aufugeres.</span> <span class='ocrx_word' id='word_1_174' title='bbox 689 2626 733 2669; x_wconf 89' lang='lat' dir='ltr'>an</span> <span class='ocrx_word' id='word_1_175' title='bbox 755 2607 887 2689; x_wconf 89' lang='lat' dir='ltr'>ignoras</span> <span class='ocrx_word' id='word_1_176' title='bbox 910 2626 965 2671; x_wconf 90' lang='lat' dir='ltr'>eos</span> <span class='ocrx_word' id='word_1_177' title='bbox 987 2607 1100 2690; x_wconf 90' lang='lat' dir='ltr'>etiam,</span> <span class='ocrx_word' id='word_1_178' title='bbox 1135 2607 1189 2690; x_wconf 90' lang='lat' dir='ltr'>qui</span> <span class='ocrx_word' id='word_1_179' title='bbox 1213 2607 1304 2671; x_wconf 90' lang='lat' dir='ltr'>mori-</span> 
     </span>
     <span class='ocr_line' id='line_1_23' title="bbox 131 2715 1303 2798; baseline 0.003 -18"><span class='ocrx_word' id='word_1_180' title='bbox 131 2715 214 2781; x_wconf 90' lang='lat' dir='ltr'>turis</span> <span class='ocrx_word' id='word_1_181' title='bbox 237 2716 391 2781; x_wconf 82' lang='lat' dir='ltr'>auxilium</span> <span class='ocrx_word' id='word_1_182' title='bbox 414 2718 554 2783; x_wconf 87' lang='lat' dir='ltr'>salutare</span> <span class='ocrx_word' id='word_1_183' title='bbox 576 2716 782 2798; x_wconf 83' lang='lat' dir='ltr'>denegarint,</span> <span class='ocrx_word' id='word_1_184' title='bbox 818 2715 903 2798; x_wconf 90' lang='lat' dir='ltr'>quod</span> <span class='ocrx_word' id='word_1_185' title='bbox 932 2722 1043 2781; x_wconf 89' lang='lat' dir='ltr'>contra</span> <span class='ocrx_word' id='word_1_186' title='bbox 1071 2717 1173 2782; x_wconf 92' lang='lat' dir='ltr'>bonos</span> <span class='ocrx_word' id='word_1_187' title='bbox 1198 2736 1303 2783; x_wconf 89' lang='lat' dir='ltr'>mores</span> 
     </span>
     <span class='ocr_line' id='line_1_24' title="bbox 131 2824 1303 2910; baseline 0.003 -21"><span class='ocrx_word' id='word_1_188' title='bbox 131 2824 295 2910; x_wconf 88' lang='lat' dir='ltr'>idipsum</span> <span class='ocrx_word' id='word_1_189' title='bbox 318 2826 459 2909; x_wconf 88' lang='lat' dir='ltr'>fecerint,</span> <span class='ocrx_word' id='word_1_190' title='bbox 484 2827 587 2892; x_wconf 92' lang='lat' dir='ltr'>solere</span> <span class='ocrx_word' id='word_1_191' title='bbox 608 2826 739 2910; x_wconf 79' lang='lat' dir='ltr'>puniri?</span> <span class='ocrx_word' id='word_1_192' title='bbox 763 2825 821 2891; x_wconf 88' lang='lat' dir='ltr'>sed</span> <span class='ocrx_word' id='word_1_193' title='bbox 844 2845 908 2891; x_wconf 93' lang='lat' dir='ltr'>non</span> <span class='ocrx_word' id='word_1_194' title='bbox 923 2825 1043 2891; x_wconf 91' lang='lat' dir='ltr'>diutius</span> <span class='ocrx_word' id='word_1_195' title='bbox 1058 2827 1140 2892; x_wconf 91' lang='lat' dir='ltr'>meis</span> <span class='ocrx_word' id='word_1_196' title='bbox 1156 2827 1303 2892; x_wconf 88' lang='lat' dir='ltr'>cladibus</span> 
     </span>
     <span class='ocr_line' id='line_1_25' title="bbox 131 2935 1299 3003; baseline 0.001 -2"><span class='ocrx_word' id='word_1_197' title='bbox 131 2937 307 3001; x_wconf 87' lang='lat' dir='ltr'>laetaberis</span> <span class='ocrx_word' id='word_1_198' title='bbox 335 2936 505 3002; x_wconf 90' lang='lat' dir='ltr'>homicida.</span> <span class='ocrx_word' id='word_1_199' title='bbox 550 2937 669 3002; x_wconf 89' lang='lat' dir='ltr'>senties</span> <span class='ocrx_word' id='word_1_200' title='bbox 698 2935 835 3001; x_wconf 88' lang='lat' dir='ltr'>efficiam</span> <span class='ocrx_word' id='word_1_201' title='bbox 863 2936 981 3001; x_wconf 90' lang='lat' dir='ltr'>misero</span> <span class='ocrx_word' id='word_1_202' title='bbox 1006 2936 1107 3000; x_wconf 88' lang='lat' dir='ltr'>dolori</span> <span class='ocrx_word' id='word_1_203' title='bbox 1136 2938 1299 3003; x_wconf 85' lang='lat' dir='ltr'>naturales</span> 
     </span>
     <span class='ocr_line' id='line_1_26' title="bbox 69 3039 1456 3121; baseline -0.001 -10"><span class='ocrx_word' id='word_1_204' title='bbox 69 3071 110 3121; x_wconf 82' lang='lat'>25</span> <span class='ocrx_word' id='word_1_205' title='bbox 133 3048 223 3112; x_wconf 90' lang='lat' dir='ltr'>uires</span> <span class='ocrx_word' id='word_1_206' title='bbox 245 3039 375 3112; x_wconf 82' lang='lat' dir='ltr'>adesse³</span> <span class='ocrx_word' id='word_1_207' title='bbox 401 3053 432 3114; x_wconf 92' lang='lat' dir='ltr'>et</span> <span class='ocrx_word' id='word_1_208' title='bbox 460 3067 530 3111; x_wconf 91' lang='lat' dir='ltr'>cum</span> <span class='ocrx_word' id='word_1_209' title='bbox 553 3046 637 3111; x_wconf 88' lang='lat' dir='ltr'>dicto</span> <span class='ocrx_word' id='word_1_210' title='bbox 671 3046 826 3111; x_wconf 90' lang='lat' dir='ltr'>subsertis</span> <span class='ocrx_word' id='word_1_211' title='bbox 857 3046 1006 3110; x_wconf 89' lang='lat' dir='ltr'>manibus</span> <span class='ocrx_word' id='word_1_212' title='bbox 1034 3047 1170 3111; x_wconf 85' lang='lat' dir='ltr'>exsoluit</span> <span class='ocrx_word' id='word_1_213' title='bbox 1198 3066 1289 3112; x_wconf 92' lang='lat' dir='ltr'>suam</span> <span class='ocrx_word' id='word_1_214' title='bbox 1313 3047 1456 3112; x_wconf 87' lang='lat' dir='ltr'>XXVlll</span> 
     </span>
     <span class='ocr_line' id='line_1_27' title="bbox 133 3156 1306 3243; baseline 0.001 -21"><span class='ocrx_word' id='word_1_215' title='bbox 133 3157 196 3222; x_wconf 91' lang='lat' dir='ltr'>sibi</span> <span class='ocrx_word' id='word_1_216' title='bbox 218 3156 350 3222; x_wconf 90' lang='lat' dir='ltr'>fasciam</span> <span class='ocrx_word' id='word_1_217' title='bbox 374 3156 538 3243; x_wconf 89' lang='lat' dir='ltr'>pedesque</span> <span class='ocrx_word' id='word_1_218' title='bbox 560 3176 648 3221; x_wconf 90' lang='lat' dir='ltr'>meos</span> <span class='ocrx_word' id='word_1_219' title='bbox 676 3156 865 3239; x_wconf 89' lang='lat' dir='ltr'>singillatim</span> <span class='ocrx_word' id='word_1_220' title='bbox 894 3156 1035 3239; x_wconf 88' lang='lat' dir='ltr'>inligans</span> <span class='ocrx_word' id='word_1_221' title='bbox 1063 3156 1207 3223; x_wconf 92' lang='lat' dir='ltr'>indidem</span> <span class='ocrx_word' id='word_1_222' title='bbox 1229 3177 1306 3223; x_wconf 92' lang='lat' dir='ltr'>con-</span> 
     </span>
     <span class='ocr_line' id='line_1_28' title="bbox 135 3266 1304 3353; baseline 0.001 -20"><span class='ocrx_word' id='word_1_223' title='bbox 135 3268 265 3351; x_wconf 89' lang='lat' dir='ltr'>stringit</span> <span class='ocrx_word' id='word_1_224' title='bbox 287 3268 449 3335; x_wconf 81' lang='lat' dir='ltr'>artissime</span> <span class='ocrx_word' id='word_1_225' title='bbox 472 3268 594 3334; x_wconf 88' lang='lat' dir='ltr'>scilicet</span> <span class='ocrx_word' id='word_1_226' title='bbox 622 3288 663 3333; x_wconf 92' lang='lat' dir='ltr'>ne</span> <span class='ocrx_word' id='word_1_227' title='bbox 692 3266 775 3350; x_wconf 91' lang='lat' dir='ltr'>quod</span> <span class='ocrx_word' id='word_1_228' title='bbox 807 3266 970 3332; x_wconf 88' lang='lat' dir='ltr'>uindictae</span> <span class='ocrx_word' id='word_1_229' title='bbox 999 3286 1091 3334; x_wconf 90' lang='lat' dir='ltr'>meae</span> <span class='ocrx_word' id='word_1_230' title='bbox 1120 3280 1304 3353; x_wconf 83' lang='lat' dir='ltr'>superesset</span> 
     </span>
     <span class='ocr_line' id='line_1_29' title="bbox 133 3376 1305 3464; baseline 0 -21"><span class='ocrx_word' id='word_1_231' title='bbox 133 3376 341 3464; x_wconf 90' lang='lat' dir='ltr'>praesidium.</span> <span class='ocrx_word' id='word_1_232' title='bbox 387 3385 418 3444; x_wconf 88' lang='lat' dir='ltr'>et</span> <span class='ocrx_word' id='word_1_233' title='bbox 446 3378 583 3464; x_wconf 87' lang='lat' dir='ltr'>pertica,</span> <span class='ocrx_word' id='word_1_234' title='bbox 613 3398 677 3461; x_wconf 91' lang='lat' dir='ltr'>qua</span> <span class='ocrx_word' id='word_1_235' title='bbox 705 3377 823 3443; x_wconf 88' lang='lat' dir='ltr'>stabuli</span> <span class='ocrx_word' id='word_1_236' title='bbox 850 3377 935 3442; x_wconf 88' lang='lat' dir='ltr'>fores</span> <span class='ocrx_word' id='word_1_237' title='bbox 963 3377 1117 3442; x_wconf 90' lang='lat' dir='ltr'>offirmari</span> <span class='ocrx_word' id='word_1_238' title='bbox 1149 3378 1305 3461; x_wconf 89' lang='lat' dir='ltr'>solebant,</span> 
     </span>
     <span class='ocr_line' id='line_1_30' title="bbox 136 3487 1306 3574; baseline 0.001 -21"><span class='ocrx_word' id='word_1_239' title='bbox 136 3496 267 3572; x_wconf 91' lang='lat' dir='ltr'>arrepta</span> <span class='ocrx_word' id='word_1_240' title='bbox 295 3509 360 3554; x_wconf 91' lang='lat' dir='ltr'>non</span> <span class='ocrx_word' id='word_1_241' title='bbox 388 3490 478 3574; x_wconf 89' lang='lat' dir='ltr'>prius</span> <span class='ocrx_word' id='word_1_242' title='bbox 506 3509 557 3553; x_wconf 92' lang='lat' dir='ltr'>me</span> <span class='ocrx_word' id='word_1_243' title='bbox 587 3488 683 3553; x_wconf 89' lang='lat' dir='ltr'>desiit</span> <span class='ocrx_word' id='word_1_244' title='bbox 704 3487 882 3553; x_wconf 89' lang='lat' dir='ltr'>obtundere</span> <span class='ocrx_word' id='word_1_245' title='bbox 905 3508 1001 3572; x_wconf 90' lang='lat' dir='ltr'>quam</span> <span class='ocrx_word' id='word_1_246' title='bbox 1024 3487 1117 3553; x_wconf 89' lang='lat' dir='ltr'>uictis</span> <span class='ocrx_word' id='word_1_247' title='bbox 1148 3489 1306 3573; x_wconf 87' lang='lat' dir='ltr'>fessisque</span> 
     </span>
     <span class='ocr_line' id='line_1_31' title="bbox 73 3598 1307 3685; baseline -0.002 -20"><span class='ocrx_word' id='word_1_248' title='bbox 73 3628 116 3679; x_wconf 85' lang='lat'>30</span> <span class='ocrx_word' id='word_1_249' title='bbox 136 3600 260 3665; x_wconf 89' lang='lat' dir='ltr'>uiribus</span> <span class='ocrx_word' id='word_1_250' title='bbox 284 3607 396 3684; x_wconf 92' lang='lat' dir='ltr'>suopte</span> <span class='ocrx_word' id='word_1_251' title='bbox 425 3600 566 3685; x_wconf 91' lang='lat' dir='ltr'>pondere</span> <span class='ocrx_word' id='word_1_252' title='bbox 595 3598 789 3682; x_wconf 89' lang='lat' dir='ltr'>degrauatus</span> <span class='ocrx_word' id='word_1_253' title='bbox 823 3598 972 3663; x_wconf 88' lang='lat' dir='ltr'>manibus</span> <span class='ocrx_word' id='word_1_254' title='bbox 1002 3598 1071 3664; x_wconf 91' lang='lat' dir='ltr'>eius</span> <span class='ocrx_word' id='word_1_255' title='bbox 1099 3599 1193 3665; x_wconf 88' lang='lat' dir='ltr'>fustis</span> <span class='ocrx_word' id='word_1_256' title='bbox 1220 3606 1307 3665; x_wconf 91' lang='lat' dir='ltr'>esset</span> 
     </span>
     <span class='ocr_line' id='line_1_32' title="bbox 136 3708 1307 3794; baseline -0.002 -18"><span class='ocrx_word' id='word_1_257' title='bbox 136 3711 277 3793; x_wconf 89' lang='lat' dir='ltr'>elapsus.</span> <span class='ocrx_word' id='word_1_258' title='bbox 301 3715 375 3774; x_wconf 91' lang='lat' dir='ltr'>tunc</span> <span class='ocrx_word' id='word_1_259' title='bbox 398 3708 438 3773; x_wconf 91' lang='lat' dir='ltr'>de</span> <span class='ocrx_word' id='word_1_260' title='bbox 461 3709 664 3774; x_wconf 90' lang='lat' dir='ltr'>brachiorum</span> <span class='ocrx_word' id='word_1_261' title='bbox 686 3728 816 3774; x_wconf 89' lang='lat' dir='ltr'>suorum</span> <span class='ocrx_word' id='word_1_262' title='bbox 838 3709 903 3773; x_wconf 88' lang='lat' dir='ltr'>cita</span> <span class='ocrx_word' id='word_1_263' title='bbox 924 3709 1111 3792; x_wconf 89' lang='lat' dir='ltr'>fatigatione</span> <span class='ocrx_word' id='word_1_264' title='bbox 1133 3713 1307 3794; x_wconf 86' lang='lat' dir='ltr'>conquesta</span> 
     </span>
     <span class='ocr_line' id='line_1_33' title="bbox 135 3819 1305 3907; baseline -0.001 -22"><span class='ocrx_word' id='word_1_265' title='bbox 135 3821 295 3907; x_wconf 87' lang='lat' dir='ltr'>procurrit</span> <span class='ocrx_word' id='word_1_266' title='bbox 316 3819 358 3884; x_wconf 90' lang='lat' dir='ltr'>ad</span> <span class='ocrx_word' id='word_1_267' title='bbox 381 3823 486 3885; x_wconf 92' lang='lat' dir='ltr'>focum</span> <span class='ocrx_word' id='word_1_268' title='bbox 508 3820 738 3903; x_wconf 90' lang='lat' dir='ltr'>ardentemque</span> <span class='ocrx_word' id='word_1_269' title='bbox 760 3819 904 3884; x_wconf 90' lang='lat' dir='ltr'>titionem</span> <span class='ocrx_word' id='word_1_270' title='bbox 926 3838 1041 3902; x_wconf 90' lang='lat' dir='ltr'>gerens</span> <span class='ocrx_word' id='word_1_271' title='bbox 1063 3820 1180 3887; x_wconf 91' lang='lat' dir='ltr'>mediis</span> <span class='ocrx_word' id='word_1_272' title='bbox 1203 3820 1305 3902; x_wconf 88' lang='lat' dir='ltr'>ingui-</span> 
     </span>
    </p>
   </div>
   <div class='ocr_carea' id='block_1_3' title="bbox 136 3988 424 4007">
    <p class='ocr_par' dir='ltr' id='par_1_3' title="bbox 136 3988 424 4007">
     <span class='ocr_line' id='line_1_34' title="bbox 136 3988 424 4007; baseline 0 -9"><span class='ocrx_word' id='word_1_273' title='bbox 136 3988 424 4007; x_wconf 66' lang='lat'>„,„„.—....</span> 
     </span>
    </p>
   </div>
   <div class='ocr_carea' id='block_1_4' title="bbox 135 4038 1309 4439">
    <p class='ocr_par' dir='ltr' id='par_1_4' title="bbox 135 4038 1309 4439">
     <span class='ocr_line' id='line_1_35' title="bbox 205 4038 1309 4160; baseline -0.001 -18"><span class='ocrx_word' id='word_1_274' title='bbox 205 4093 220 4142; x_wconf 81' lang='lat'><strong>2</strong></span> <span class='ocrx_word' id='word_1_275' title='bbox 239 4084 339 4144; x_wconf 74' lang='lat' dir='ltr'>acerba</span> <span class='ocrx_word' id='word_1_276' title='bbox 354 4089 386 4160; x_wconf 86' lang='lat' dir='ltr'>f:</span> <span class='ocrx_word' id='word_1_277' title='bbox 404 4084 503 4143; x_wconf 79' lang='lat' dir='ltr'>acerui</span> <span class='ocrx_word' id='word_1_278' title='bbox 520 4088 551 4153; x_wconf 85' lang='lat' dir='ltr'>F,</span> <span class='ocrx_word' id='word_1_279' title='bbox 570 4038 706 4157; x_wconf 64' lang='lat' dir='ltr'>auertite</span> <span class='ocrx_word' id='word_1_280' title='bbox 795 4092 823 4141; x_wconf 83' lang='lat'>11</span> <span class='ocrx_word' id='word_1_281' title='bbox 843 4040 885 4142; x_wconf 79' lang='lat' dir='ltr'>ant</span> <span class='ocrx_word' id='word_1_282' title='bbox 896 4089 928 4155; x_wconf 83' lang='lat' dir='ltr'>F,</span> <span class='ocrx_word' id='word_1_283' title='bbox 947 4094 1013 4158; x_wconf 78' lang='lat' dir='ltr'>atp</span> <span class='ocrx_word' id='word_1_284' title='bbox 1109 4092 1137 4142; x_wconf 83' lang='lat' dir='ltr'>ts</span> <span class='ocrx_word' id='word_1_285' title='bbox 1155 4087 1309 4157; x_wconf 78' lang='lat' dir='ltr'>quadrupes</span> 
     </span>
     <span class='ocr_line' id='line_1_36' title="bbox 135 4164 1307 4253; baseline -0.004 -15"><span class='ocrx_word' id='word_1_286' title='bbox 135 4183 177 4238; x_wconf 80' lang='lat' dir='ltr'>sic</span> <span class='ocrx_word' id='word_1_287' title='bbox 193 4182 237 4251; x_wconf 64' lang='lat' dir='ltr'>Fa</span> <span class='ocrx_word' id='word_1_288' title='bbox 326 4188 356 4235; x_wconf 78' lang='lat'>15</span> <span class='ocrx_word' id='word_1_289' title='bbox 376 4186 516 4235; x_wconf 78' lang='lat' dir='ltr'>atrocitate</span> <span class='ocrx_word' id='word_1_290' title='bbox 539 4177 590 4236; x_wconf 73' lang='lat' dir='ltr'>rita</span> <span class='ocrx_word' id='word_1_291' title='bbox 612 4182 649 4246; x_wconf 85' lang='lat' dir='ltr'>F,</span> <span class='ocrx_word' id='word_1_292' title='bbox 674 4186 817 4236; x_wconf 78' lang='lat' dir='ltr'>atrocitate</span> <span class='ocrx_word' id='word_1_293' title='bbox 833 4181 919 4253; x_wconf 73' lang='lat' dir='ltr'>rftap</span> <span class='ocrx_word' id='word_1_294' title='bbox 989 4164 1136 4238; x_wconf 65' lang='lat' dir='ltr'>c&#39;arere’l&#39;:</span> <span class='ocrx_word' id='word_1_295' title='bbox 1162 4196 1307 4249; x_wconf 77' lang='lat' dir='ltr'>uacarep</span> 
     </span>
     <span class='ocr_line' id='line_1_37' title="bbox 135 4273 1307 4347; baseline -0.005 -14"><span class='ocrx_word' id='word_1_296' title='bbox 135 4281 171 4333; x_wconf 81' lang='lat'>20</span> <span class='ocrx_word' id='word_1_297' title='bbox 189 4274 318 4344; x_wconf 85' lang='lat' dir='ltr'>derectoq;</span> <span class='ocrx_word' id='word_1_298' title='bbox 337 4275 390 4344; x_wconf 71' lang='lat' dir='ltr'>Pp,</span> <span class='ocrx_word' id='word_1_299' title='bbox 409 4274 535 4329; x_wconf 81' lang='lat' dir='ltr'>derelicto</span> <span class='ocrx_word' id='word_1_300' title='bbox 554 4275 616 4329; x_wconf 84' lang='lat' dir='ltr'>add.</span> <span class='ocrx_word' id='word_1_301' title='bbox 635 4276 663 4330; x_wconf 77' lang='lat' dir='ltr'>ab</span> <span class='ocrx_word' id='word_1_302' title='bbox 680 4276 805 4347; x_wconf 67' lang='lat' dir='ltr'>marciae</span> <span class='ocrx_word' id='word_1_303' title='bbox 822 4274 851 4329; x_wconf 83' lang='lat' dir='ltr'><em>F</em></span> <span class='ocrx_word' id='word_1_304' title='bbox 931 4282 963 4331; x_wconf 77' lang='lat'>23</span> <span class='ocrx_word' id='word_1_305' title='bbox 981 4276 1095 4331; x_wconf 78' lang='lat' dir='ltr'>fecerint</span> <span class='ocrx_word' id='word_1_306' title='bbox 1112 4273 1227 4328; x_wconf 77' lang='lat' dir='ltr'>deletum</span> <span class='ocrx_word' id='word_1_307' title='bbox 1239 4279 1307 4345; x_wconf 81' lang='lat' dir='ltr'>post</span> 
     </span>
     <span class='ocr_line' id='line_1_38' title="bbox 135 4368 812 4439; baseline -0.006 -14"><span class='ocrx_word' id='word_1_308' title='bbox 135 4370 253 4425; x_wconf 88' lang='lat' dir='ltr'>fecermt</span> <span class='ocrx_word' id='word_1_309' title='bbox 270 4370 298 4425; x_wconf 81' lang='lat' dir='ltr'>in</span> <span class='ocrx_word' id='word_1_310' title='bbox 315 4368 344 4423; x_wconf 80' lang='lat' dir='ltr'><em>F</em></span> <span class='ocrx_word' id='word_1_311' title='bbox 425 4372 458 4423; x_wconf 81' lang='lat'>29</span> <span class='ocrx_word' id='word_1_312' title='bbox 475 4374 583 4439; x_wconf 86' lang='lat' dir='ltr'>arrepta</span> <span class='ocrx_word' id='word_1_313' title='bbox 600 4388 636 4438; x_wconf 79' lang='lat' dir='ltr'>p.-</span> <span class='ocrx_word' id='word_1_314' title='bbox 654 4370 768 4438; x_wconf 90' lang='lat' dir='ltr'>abrepta</span> <span class='ocrx_word' id='word_1_315' title='bbox 785 4370 812 4421; x_wconf 75' lang='lat' dir='ltr'>ll&#39;</span> 
     </span>
    </p>
   </div>
   <div class='ocr_carea' id='block_1_5' title="bbox 0 0 1472 4900">
    <p class='ocr_par' dir='ltr' id='par_1_5' title="bbox 0 0 1472 4900">
     <span class='ocr_line' id='line_1_39' title="bbox 0 0 1472 4900; baseline 0 0"><span class='ocrx_word' id='word_1_316' title='bbox 0 0 1472 4900; x_wconf 95' lang='lat' dir='ltr'> </span> 
     </span>
    </p>
   </div>
  </div>
 </body>
</html>
