2934 4900
632 248 705 297 cur.
728 246 941 299 xxrrr-xxvr
1306 234 1365 294 221

197 392 415 468 hino'ibiucm
429 407 642 467 commoratus
657 400 771 467 diebus
785 399 1005 485 inexplicabili
1025 399 1191 483 uoluptate
1205 400 1368 466 simulacri

197 510 301 577 diuini
329 512 517 597 perfruebar
544 510 807 578 inremunerabili
835 511 954 595 quippe
981 509 1138 575 beneficio
1169 510 1366 594 pigneratus.

197 622 256 689 sed
276 621 407 688 tandem
429 622 511 689 deae
525 621 647 688 monitu
661 622 737 687 licet
757 640 823 687 non
838 621 934 706 plene
947 627 1056 687 tamen
1071 640 1129 705 pro
1146 638 1216 685 meo
1238 620 1367 687 modulo

200 732 366 816 supplicue
387 734 502 816 gratiis
524 732 698 817 persolutis
720 732 847 797 tardam
869 732 950 799 satis
965 730 1194 821 domuitionem
1216 750 1366 817 comparo

167 842 255 908 auix
276 842 424 926 equidem
452 842 599 927 abruptis
625 842 845 914 ardentissimi
874 840 1029 908 desiderii
1060 842 1254 909 retinaculis.
1297 864 1378 933 pro-h

197 953 324 1019 uolutus
347 953 487 1037 denique
502 960 578 1019 ante
592 960 797 1038 conspectum
813 950 894 1019 deae
910 963 941 1019 ct
962 952 1043 1017 facie
1058 970 1132 1017 mea
1153 951 1209 1018 diu
1232 951 1368 1019 detersis

196 1062 345 1147 uestigiis
367 1064 437 1129 eius
459 1064 601 1130 lacrimis
623 1064 745 1129 obortis
767 1062 908 1147 singultu
930 1062 1040 1128 crebro
1063 1080 1244 1129 sermonem
1274 1062 1368 1129 inter·

194 1172 310 1239 ficiens
332 1179 364 1239 et
385 1173 486 1239 uerba
507 1173 669 1241 decorans
690 1175 743 1240 aio

280 1276 344 1347 ‘Tu
366 1282 494 1368 quidem
515 1291 630 1361 sancta
650 1292 682 1350 et
700 1284 836 1350 ,humani
858 1283 987 1367 generis
1002 1284 1190 1369 sospitatrix
1211 1293 1366 1369 perpetua
1388 1282 1452 1348 XX

145 1414 183 1463 ro
200 1414 328 1479 semper
348 1395 497 1461 torrendis
517 1396 707 1461 mortalibus
729 1394 880 1461 munifica
894 1394 1020 1460 dulcem
1035 1383 1146 1462 matris
1159 1396 1372 1463 adiectionem

200 1505 388 1570 miserorum
410 1506 540 1573 casibus
563 1506 686 1573 tribuis.
723 1526 784 1572 nee
806 1505 877 1573 dies
898 1524 959 1571 nec
981 1505 1072 1591 quies
1095 1506 1161 1571 ulla
1183 1527 1221 1572 ac
1243 1526 1284 1572 ne
1306 1526 1373 1572 mo·

200 1621 342 1703 mentum
364 1615 494 1699 quidem
517 1624 614 1683 tenue
641 1617 708 1683 tuis
733 1616 924 1683 nanscurrit
945 1616 1108 1683 beneficiis
1138 1618 1272 1683 otiosum
1295 1618 1372 1699 quin

202 1726 284 1792 mari
306 1733 455 1811 terraque
476 1733 628 1812 protegas
656 1727 804 1794 homines
828 1731 859 1791 et
881 1726 1026 1812 depulsis
1041 1728 1128 1795 uitae
1150 1729 1300 1813 procellis
1322 1746 1371 1794 sa·

200 1836 335 1901 lutarem
357 1838 505 1922 porrigas
527 1837 693 1904 dexteram
722 1857 787 1922 qua
814 1838 953 1903 latorum
982 1838 1077 1904 etiam
1107 1838 1373 1905 inextricabiliter

150 1958 184 2007 ιι
203 1954 347 2013 contorta
368 1954 526 2015 retractas
547 1948 624 2013 licia
645 1955 676 2013 et
698 1948 846 2014 fortunae
862 1954 1071 2034 tempestates
1093 1949 1222 2033 mitigas
1244 1956 1276 2013 et
1297 1948 1372 2021 stel-

114 2123 118 2127 .
200 2058 304 2123 larum
326 2058 441 2125 noxios
462 2064 587 2125 meatus
610 2057 753 2124 cohibes.
796 2064 828 2123 te
857 2059 966 2143 superi
988 2060 1104 2137 colunt,
1128 2059 1305 2125 obseruant
1326 2059 1372 2124 in·

200 2167 270 2249 feri,
292 2174 327 2233 tu
349 2174 437 2236 rotas
459 2157 742 2253 orbem-‘luminas
758 2168 867 2251 solem,
883 2169 970 2252 regis
992 2164 1154 2249 mundum,
1171 2170 1277 2235 calcas
1294 2171 1372 2234 Tar-

106 2281 185 2351 1270]
200 2287 313 2345 tarum.
339 2280 399 2346 tibi
409 2278 608 2364 respondent
617 2278 735 2362 sidera,
751 2270 887 2345 redeunt
901 2286 1055 2363 tempora,
1071 2280 1215 2363 gaudent
1227 2281 1371 2365 numina,

203 2398 347 2460 seruiunt
374 2393 543 2458 elementa.
587 2398 641 2456 tuo
668 2397 749 2456 nutu
778 2389 903 2474 spirant
930 2388 1063 2456 flamina
1083 2390 1229 2457 nutriunt
1249 2392 1371 2472 nubila,

149 2508 184 2558 20
201 2503 382 2587 germinant
404 2503 539 2584 semina,
563 2508 709 2568 crescunt
729 2501 885 2585 germina.
922 2507 1010 2566 tuam
1028 2503 1230 2568 maiestatem
1243 2504 1373 2587 perhor-

201 2619 330 2678 rescunt
350 2631 430 2678 aues
452 2614 541 2678 caelo
564 2619 719 2693 meantes,
742 2612 830 2677 ferae
844 2611 1006 2679 montibus
1028 2619 1138 2678 ertran
1138 2632 1183 2695 es,
1207 2622 1373 2698 serpentes

203 2723 285 2788 solo
293 2722 441 2799 latentes,
469 2723 585 2788 beluae
607 2730 706 2806 ponto
673 2727 842 2787 tntatan
843 2740 888 2788 es.
934 2727 1050 2806 atego
1074 2721 1249 2790 referendis
1271 2723 1373 2789 laudi-

101 2836 112 2844 ”
203 2832 262 2897 bus
273 2832 335 2896 turis
350 2832 467 2897 exilis'
458 2833 589 2914 ingenio
605 2838 637 2897 et
652 2831 848 2899 adhibendis
858 2832 1025 2899 sacrificiis
1041 2833 1145 2900 tenuis
1161 2835 1371 2916 patrimonio:

202 2962 263 3008 nec
284 2942 365 3007 mihi
386 2941 475 3008 uocis
488 2943 620 3008 ubertas
635 2942 678 3007 ad
700 2942 838 3009 dicenda
853 2961 936 3027 quae
951 2942 992 3009 de
1014 2951 1070 3008 tua
1084 2944 1252 3009 maiestate
1268 2945 1372 3010 sentio

151 3064 185 3115 25
203 3052 320 3118 sufficit
346 3069 407 3118 nec
433 3072 490 3118 ora
522 3053 610 3118 mille
645 3053 839 3138 linguaeque
867 3053 999 3120 totidem
1033 3054 1087 3120 uel
1122 3048 1278 3120 indefessi
1308 3070 1373 3122 ser·

202 3164 308 3230 monis
330 3169 463 3229 aeterna
485 3165 597 3230 series.
641 3181 717 3247 ergo
741 3163 826 3248 quod
849 3164 951 3231 solum
979 3171 1083 3249 potest
1110 3163 1280 3248 religiosus
1303 3164 1374 3248 qui-

204 3274 277 3340 dem
299 3273 358 3340 sed
379 3292 504 3359 pauper
524 3273 677 3362 alioquin,
701 3275 829 3340 efficere
856 3274 990 3340 curabo:
1020 3274 1148 3341 diuinos
1169 3281 1242 3341 tuos
1265 3275 1372 3342 uultus

204 3403 387 3469 numenque
409 3383 649 3451 sanctissimum
676 3384 762 3450 intra
790 3385 929 3469 pectoris
957 3385 1022 3452 mei
1052 3392 1177 3452 secreta
1210 3385 1371 3451 conditum
1417 3397 1420 3404 ’

205 3501 361 3580 perpetuo
382 3495 565 3562 custodiens
586 3487 808 3578 imaginabor?
1326 3501 1329 3516 ¹

151 3619 187 3670 ac
288 3604 340 3669 Ad
367 3605 466 3671 istum
499 3604 630 3670 modum
659 3588 831 3690 deprecato
868 3625 991 3671 summo
1021 3606 1153 3672 numine
1187 3607 1372 3691 complexus

204 3714 356 3780 Mithram
378 3714 578 3782 sacerdotem
592 3720 624 3780 et
638 3735 745 3815 mepm
760 3716 825 3780 iam
839 3723 1005 3800 parentem
1020 3717 1166 3800 colloque
1182 3717 1252 3783 eius
1266 3716 1373 3782 multis

204 3826 322 3892 osculis
338 3824 516 3891 'inhaerens
532 3826 662 3891 ueniam
683 3825 888 3910 postulabam
904 3825 989 3911 quod
1005 3844 1077 3891 eum
1092 3824 1252 3908 condigne
1274 3825 1373 3891 tantis

197 3935 370 4002 'beneficiis
391 3935 553 4001 munerari
581 3936 756 4019 nequirem.
801 3936 857 4002 diu
885 3936 1025 4020 denique
1051 3936 1228 4022 gratiarum
1258 3955 1371 4024 gerenss
1391 3939 1457 4006 XX

205 4045 319 4112 darum
342 4064 490 4112 sermone
511 4045 636 4130 prolixo
658 4051 871 4114 commoratus
894 4046 1024 4152 tandem
1047 4044 1212 4132 digredior
1234 4051 1266 4112 et
1287 4052 1375 4112 recta

274 4264 444 4334 agratusf:
462 4263 707 4372 mansuefacta
723 4263 763 4331 F,
787 4265 904 4334 grauso
991 4268 1023 4318 22
1042 4264 1179 4370 ucluqF⁴
1266 4267 1298 4317 25
1316 4277 1375 4319 ora

206 4382 273 4453 (fnit
289 4381 317 4441 hl
335 4383 369 4444 F,
385 4397 470 4452 orep
558 4385 588 4436 31
608 4333 694 4452 colloq
712 4382 774 4438 F
833 4387 864 4437 32
883 4382 919 4453 qd
936 4383 980 4439 dffr
998 4382 1041 4451 qu
