2934 4900
574 224 647 273 611.
670 226 800 272 x-xru
874 206 876 213 ‘
1213 210 1271 274 189

102 396 320 459 magnacum
347 376 554 446 festinatione
575 375 619 442 ad
645 376 727 443 illud
756 378 936 461 sepulcrum
959 398 1021 461 quo
1044 396 1158 463 corpus
1180 378 1272 463 pueri

102 485 289 571 depositum
312 486 448 560 iacebat.
469 506 565 560 nemo
580 486 621 553 de
643 487 740 569 curia,
764 486 804 554 de
826 487 1033 573 optimatibus
1055 507 1149 559 nemo
1172 508 1210 560 ac
1232 508 1273 555 ue

102 596 150 672 de
179 598 250 681 ipso
280 597 411 681 quidem
437 598 556 683 populo
586 599 756 683 quisquam
784 599 839 682 qui
861 618 925 663 non
954 598 1030 663 illuc
1051 598 1177 665 curiose
1197 617 1272 663 con·

102 704 244 778 fluxerit.
289 726 363 781 ecce
388 715 483 793 pater
510 708 579 778 61116
611 708 683 793 ipse
711 708 861 775 manibus
878 709 1071 793 cooperculo
1094 708 1201 793 capuli
1218 728 1273 773 16-

58 825 192 883 11111616
214 816 414 883 commodum
444 818 592 887 discusso
621 819 784 885 mortifero
814 838 929 901 sopore
957 826 1140 901 surgentem
1163 819 1272 903 postli-

104 927 207 994 minio
228 928 351 1001 moitis
371 927 585 1013 deprehendit
611 929 712 995 filium
741 922 890 1011 eumque
905 929 1090 1013 complexus
1112 930 1283 997 artissime

103 1037 215 1104 uerbis
238 1038 344 1121 impar
365 1040 529 1123 praesenti
549 1038 670 1123 gaudio
692 1038 840 1124 producit
860 1037 903 1103 ad
924 1038 1087 1125 populum.
1122 1046 1218 1122 atque
1241 1047 1275 1105 ut

106 1154 177 1213 erat
198 1146 304 1213 adhuc
325 1148 479 1215 feralibus
502 1150 648 1219 amiculis
669 1149 836 1223 instrictus
860 1156 956 1233 atque
972 1148 1101 1215 obditus
1124 1148 1273 1234 deporta-

107 1264 161 1325 tus
183 1258 226 1323 ad
246 1257 401 1326 iudicium
421 1279 512 1344 puer.
555 1261 685 1344 iamque
712 1258 834 1343 liquido
858 1258 942 1325 serui
964 1259 1155 1343 nequissimi
1176 1267 1274 1343 atque

47 1390 83 1437 16
108 1367 253 1433 1116116116
288 1369 454 1453 nequioris
490 1371 658 1455 patefactis
688 1370 863 1437 sceleribus
891 1370 1035 1453 procedit
1054 1370 1101 1435 ·in
1134 1370 1274 1438 medium

107 1475 198 1543 nuda
218 1478 339 1545 ueritas
361 1485 393 1547 61
414 1499 573 1545 16661666
596 1479 725 1562 quidem
747 1487 937 1575 perpetuum
958 1479 1110 1547 indicitur
1133 1480 1273 1563 exilium

108 1606 223 1654 seruus
245 1608 321 1655 uero
343 1589 489 1673 patibulo
511 1591 670 1674 suffigitur
691 1597 723 1655 et
751 1590 892 1655 onmium
919 1610 1078 1663 consensu
1106 1591 1190 1655 bono
1212 1610 1275 1657 rne-

109 1697 181 1763 dico
204 1699 351 1764 sinuntur
373 1701 472 1783 aurei,
495 1702 666 1786 opportuni
687 1700 791 1764 somni
812 1700 960 1784 pretium.
983 1707 1014 1767 et
1036 1701 1123 1767 illius
1146 1700 1275 1783 quidem

109 1808 199 1874 senis
221 1808 345 1875 lamosa
366 1818 462 1894 atque
484 1810 633 1877 fabulosa
653 1811 781 1876 fortuna
803 1809 1028 1893 prouidentiae
1051 1810 1182 1878 diuinae
1204 1830 1276 1884 con-

49 1932 86 1981 15
108 1916 242 2000 dignum
265 1920 384 2003 excipit
412 1921 549 1999 exitum,
583 1920 638 2012 qui
666 1927 826 1986 momento
860 1920 1001 2003 modico,
1034 1921 1131 1987 immo
1159 1920 1276 2005 puncto

107 2029 227 2111 exiguo
255 2036 329 2113 post
356 2031 514 2098 orbitatis·
532 2031 709 2115 periculum
744 2030 999 2100 adulescentium
1022 2030 1156 2101 duorum
1184 2038 1276 2115 pater

108 2144 242 2223 repente
264 2140 367 2207 166166
390 2149 447 2207 cst.
509 2148 536 2231 J
1278 2226 1280 2229 Ι

189 2248 232 2313 At
254 2268 315 2333 ego
337 2257 412 2317 tunc
433 2254 587 2336 temporis
610 2250 729 2317 talibus
760 2250 897 2317 latorum
924 2250 1074 2317 fluctibus
1097 2250 1275 2315 uolutabar.
1298 2258 1379 2323 XIII

108 2358 202 2423 miles
223 2360 279 2425 ille
302 2362 356 2444 qui
378 2381 429 2426 me
460 2362 548 2427 nullo
571 2360 731 2427 uendente
754 2368 998 2445 comparauerat
1020 2360 1144 2427 616116
1170 2360 1284 2445 pretio,

48 2490 86 2539 66
108 2490 203 2537 66611
231 2471 364 2553 1666161,
399 2472 517 2537 tribuni
546 2472 596 2538 sui
624 2479 797 2557 praecepto
825 2472 967 2538 debitum
997 2471 1160 2548 sustinens
1184 2469 1275 2550 obse-

109 2580 220 2665 quium
247 2581 370 2648 litteras
393 2582 435 2646 ad
457 2604 609 2665 maguum
637 2584 774 2667 scriptas
807 2583 985 2669 principem
1001 2583 1139 2646 11611611
1162 2601 1275 2648 661666

107 2691 290 2776 6611616166
312 2691 437 2757 6161116
450 2713 501 2758 me
524 2693 718 2776 quibusdam
747 2692 872 2758 duobus
907 2692 1010 2758 seruis
1043 2692 1194 2758 fratribus
1217 2713 1275 2757 un·
1305 2731 1310 2744 ·

107 2800 212 2866 decim
241 2801 383 2867 denariis
410 2801 566 2868 uendidit.
610 2802 660 2868 his
692 2809 762 2869 erat
791 2802 883 2868 diuos
914 2801 1087 2866 admodum
1116 2801 1273 2868 dominus.

108 2918 143 2979 at
165 2912 291 2976 illorum
313 2912 395 2976 alter
415 2913 518 2997 pistor
540 2911 713 2978 dulciarius
736 2913 791 2995 661
821 2931 923 2996 panes
946 2919 977 2978 61
1000 2911 1121 2976 11611116
1149 2913 1274 2976 concin-

49 3035 86 3084 15
108 3022 210 3098 nabat
231 3021 354 3106 edulia,
383 3022 464 3087 alter
486 3041 580 3089 cocus
603 3023 657 3106 661
686 3022 904 3107 sapidissimis
925 3021 1118 3088 intrimentis
1142 3010 1274 3086 sucuurn

108 3132 274 3217 pulmenta
296 3132 425 3198 condita
446 3153 567 3217 uapore
588 3133 743 3198 mollibat.
777 3133 870 3198 66166
893 3132 939 3196 1111
962 3132 1169 3197 contubernio
1192 3151 1274 3195 com-

108 3261 238 3307 munem
266 3243 366 3308 uitam
394 3243 597 3310 sustinebant
632 3263 745 3326 meque
774 3243 816 3308 ad
839 3263 919 3309 uasa
945 3243 1004 3308 1116
1025 3242 1201 3325 compluria
1220 3262 1275 3325 ge·

108 3352 227 3419 standa
247 3352 529 3437 praedestinarem
550 3373 633 3438 quae
654 3353 793 3420 dominis
814 3353 963 3436 regiones
986 3353 1148 3436 plusculas
1170 3372 1275 3437 perer-

108 3462 256 3529 rantibus
278 3463 378 3530 uariis
401 3464 513 3530 usibus
535 3471 628 3529 erant
650 3463 842 3530 necessaria.
876 3462 1039 3529 adsciscor
1060 3463 1169 3543 itaque
1192 3463 1275 3530 inter

49 3578 86 3628 30
109 3572 192 3640 duos
214 3573 287 3638 illos
307 3573 421 3639 iratres
444 3574 557 3640 tertius
580 3575 818 3640 contubernalis
847 3572 934 3638 haud
956 3573 1021 3637 6116
1043 3579 1186 3658 tempore
1208 3580 1274 3638 tam

17 3696 21 3704 '
108 3683 294 3748 beniuolam
317 3684 477 3748 fortunam
492 3692 653 3769 expertus.
676 3705 752 3750 nam
767 3703 909 3768 uespera¹
919 3690 992 3768 post
1007 3682 1160 3767 opiparas
1176 3703 1274 3750 cenas

109 3813 285 3877 earumque
308 3792 595 3878 splendidissimos.
609 3800 784 3880 apparatus
807 3795 923 3858 1161166
945 3813 1077 3859 numero
1108 3801 1217 3878 partes
1240 3795 1274 3858 in

107 3903 257 3968 cellulam
281 3923 373 3970 suam
397 3905 460 3969 mei
483 3905 629 3970 solebant
657 3913 821 3990 reportare
849 3901 985 3967 domini:
1020 3903 1074 3969 ille
1107 3923 1274 3987 porcorum

887 4097 894 4128 ¹
966 4081 972 4093 ι
997 4140 999 4146 .

177 4164 187 4208 1
209 4153 351 4226 sepulchri
369 4157 398 4210 F
480 4161 509 4210 13
529 4163 673 4226 opportum
690 4157 772 4210 lomnr
788 4157 821 4225 f:
839 4157 1006 4226 opportunus
1022 4163 1047 4215 or
1065 4156 1103 4220 Ii,
1127 4156 1273 4225 oportunul

104 4251 205 4317 orffip
294 4250 463 4306 1416161616
484 4251 517 4319 f:
543 4249 637 4304 fabola
660 4251 704 4319 Fp
793 4253 823 4302 19
848 4235 1028 4318 611611666161
1051 4256 1094 4304 161
1117 4249 1154 4303 F¹
1241 4254 1273 4303 11

106 4343 253 4398 1611161161
270 4343 306 4397 F⁴
395 4349 427 4398 30
444 4343 516 4397 11161
531 4348 594 4398 acte
610 4345 683 4398 mul
698 4342 837 4398 inductum
855 4345 883 4397 in
900 4343 929 4400 F
