2934 4900
215 185 254 246 52
714 196 805 242 nram
828 193 880 241 1111

215 350 364 436 papillas,
399 368 472 416 mea
494 349 666 430 mellitula,
704 355 857 432 tuumque
894 347 1088 431 mancipium
1123 343 1391 409 inremunerabili

215 461 370 526 beneficio
402 459 449 526 sie
481 459 541 525 tibi
572 465 727 544 perpetuo
760 459 898 543 pignera
927 477 965 522 ae
993 457 1058 522 iam
1086 455 1205 541 pardae
1234 462 1269 519 ut
1296 473 1393 519 meae

218 571 336 646 Veneri
358 569 482 655 Cupido
504 569 657 654 pinnatus
679 569 837 636 adsistam
858 560 941 634 tibi?

298 674 389 746 ‘Ain’
411 679 515 765 inquit
541 673 734 770 ‘uulpinaris
757 680 890 760 amasio,
915 698 1029 762 meque
1046 684 1160 762 sponte
1174 695 1303 743 aseeam
1321 693 1393 738 oru-

215 790 304 856 ribus
332 780 412 856 meis
441 790 577 856 inlidere
606 791 789 876 compellis,
822 791 923 856 sicine
951 791 1008 855 uix
1036 807 1056 852 a
1084 787 1204 872 lupulis
1232 800 1418 850 conserues

216 900 393 984 Thessalis,
416 901 501 968 hune
522 902 632 967 alitem
654 901 774 966 fastum
795 901 849 966 ubi
872 919 1036 984 quaeram,
1059 898 1177 963 uidebo
1200 888 1370 981 quandol’

84 1016 197 1081 XXlll
300 1005 355 1074 ‘At
376 1011 455 1076 mihi
490 1013 594 1078 scelus
624 1011 711 1077 istud
734 1011 897 1096 depellant
918 1001 1063 1075 oaelites’
1097 1009 1231 1092 inquam
1260 999 1310 1072 ‘ut
1333 1025 1392 1088 ego

217 1121 364 1206 quamuis
392 1121 496 1207 ipsius
524 1123 654 1206 aquilae
684 1122 839 1209 sublimis,
859 1120 1022 1198 uolatibus
1051 1127 1116 1184 toto
1145 1119 1236 1183 eaelo
1258 1119 1393 1202 peruius

217 1238 248 1296 et
270 1231 411 1316 supremi
432 1232 520 1298 Iouis
542 1241 646 1298 certus
669 1232 801 1297 nuntius
823 1233 876 1296 uel
898 1233 1003 1296 laetus
1035 1229 1175 1312 armiger
1195 1235 1306 1292 tamen
1329 1246 1394 1292 non

154 1428 159 1436 k
217 1341 260 1406 ad
282 1361 388 1408 meum
405 1342 552 1408 nidulum
573 1348 647 1427 post
669 1343 759 1406 illam
775 1342 947 1426 pinnarum
970 1340 1161 1424 dignitatem
1176 1337 1314 1404 subinde
1339 1337 1393 1401 de·
1409 1343 1429 1388 Μ

217 1452 346 1517 uelem?
383 1451 496 1517 adiuro
529 1472 588 1537 per
618 1451 744 1516 dulcem
772 1453 867 1518 istum
901 1451 1011 1536 oapilli
1044 1451 1089 1515 tui
1123 1449 1293 1532 modulum,
1331 1468 1393 1532 quo

175 1593 177 1596 ·
218 1582 322 1627 meum
352 1562 485 1628 uinxisti
518 1563 680 1647 spiritum,
716 1582 767 1627 me
789 1564 910 1627 nullam
933 1562 1031 1626 aliam
1054 1581 1127 1626 mea
1148 1559 1263 1624 Fotide
1284 1559 1393 1624 malle.

217 1678 293 1737 tune
315 1673 413 1738 etiam
435 1672 521 1738 istud
543 1673 624 1763 meis
647 1674 895 1756 cogitationibus
917 1673 1054 1737 ooeurrit
1080 1691 1152 1735 oum
1175 1671 1276 1736 semel
1298 1688 1394 1734 auem

217 1783 314 1846 talem
329 1772 501 1866 perunctus
517 1782 661 1866 induero,
686 1784 800 1851 domus
823 1784 927 1850 omnis
942 1783 1054 1867 proeul
1071 1800 1123 1846 me
1144 1781 1247 1845 uitare
1262 1779 1392 1846 debere.

219 1911 314 1974 quam
348 1892 482 1977 pulehro
518 1893 603 1960 enim
641 1914 802 1977 quamque
838 1894 955 1960 festiue
991 1900 1158 1957 matronae
1190 1892 1394 1974 perfruentur
1410 1895 1429 1940 b

219 2009 362 2068 amatore
384 2002 534 2068 bubone?
568 2004 646 2084 quid
676 2004 762 2088 quod
789 2005 869 2070 istas
899 2010 1073 2069 noeturnae
1103 2022 1182 2068 aues
1204 2020 1276 2065 num
1298 2021 1393 2085 pene·

218 2112 375 2178 trauerint
395 2113 497 2178 larem
519 2115 718 2198 quempiam,
742 2116 878 2181 sollicite
900 2114 1080 2200 prehensas
1101 2112 1224 2178 foribus
1246 2111 1393 2177 uidemus

219 2222 318 2306 adfigi
341 2227 390 2304 ut,
419 2223 505 2305 quod
523 2225 681 2313 infaustis
711 2226 872 2290 uolatibus
901 2224 1044 2290 familiae
1065 2223 1227 2287 minantur
1248 2223 1391 2301 exitium,

206 2333 286 2398 ,suis
314 2334 405 2398 luant
432 2335 635 2402 eruciatibus.
683 2334 742 2401 sed
771 2335 856 2419 quod
884 2334 1044 2401 seisoitari
1071 2353 1176 2418 paene
1206 2333 1391 2418 praeterint,

220 2464 282 2527 quo
305 2441 389 2510 dioto
412 2444 537 2511 faetoue
559 2468 684 2513 rursum
708 2447 815 2513 exutis
837 2446 981 2531 pinnulis
1001 2445 1066 2511 illis
1087 2443 1131 2511 ad
1153 2465 1257 2511 meum
1281 2443 1392 2511 redibo
1407 2451 1429 2498 '2⁰

220 2548 390 2619 Lucium‘l'

302 2658 404 2729 ‘Bono
433 2666 540 2729 animo
569 2686 604 2733 es
633 2665 719 2750 quod
748 2666 790 2731 ad
818 2666 915 2732 huius
944 2666 990 2732 rei
1020 2686 1128 2733 euram
1154 2657 1309 2751 pertinet'
1341 2665 1392 2729 ait.

218 2766 305 2838 ‘nam
328 2774 406 2840 mihi
429 2775 560 2842 domina
583 2776 711 2859 'singula
733 2777 940 2859 monstrauit,
964 2798 1047 2861 quae
1068 2784 1205 2860 possunt
1227 2798 1341 2843 rursus
1362 2775 1393 2837 in

221 2884 319 2951 faeies
335 2884 499 2951 hominum
521 2888 603 2953 tales
626 2887 748 2971 figuras
763 2887 948 2953 reformare.
986 2907 1045 2952 nee
1059 2888 1146 2953 istud
1168 2889 1287 2953 laetum
1303 2892 1393 2971 putes

221 2996 287 3061 ulla
302 2996 520 3063 beniuolentia
535 2996 593 3063 sed
616 3004 650 3060 ut
673 2998 703 3063 ei
718 2996 867 3063 redeunti
882 2996 1009 3063 medela
1031 2999 1154 3069 salubri
1169 2993 1302 3082 possein
1325 2994 1393 3062 sub·
1407 3004 1428 3052 li

221 3106 345 3173 sistere.
383 3114 493 3192 speetu
523 3106 662 3191 denique
692 3128 789 3191 quam
816 3109 927 3191 paruis
955 3127 1116 3192 quamque
1137 3108 1283 3173 futilibus
1306 3107 1394 3172 tanta

221 3235 273 3284 res
299 3225 484 3301 procuretur
511 3209 653 3283 herbulis
691 3217 802 3283 anethi
831 3217 990 3283 modicum
1018 3239 1090 3283 eum
1119 3219 1203 3284 lauri
1232 3217 1319 3283 foliis
1340 3216 1393 3279 im·

222 3326 350 3391 mistum
373 3346 443 3391 rore
465 3327 596 3393 lontano
619 3326 714 3392 datur
735 3328 901 3392 lauae'rum
923 3335 956 3394 et
977 3320 1149 3413 poculum'

72 3445 202 3511 XXlIlI
307 3436 396 3501 Haeo
424 3436 600 3502 identidem
629 3437 830 3505 adseuerans
858 3459 984 3505 summa
1012 3457 1085 3504 eum
1113 3438 1330 3523 trepidatione
1351 3438 1394 3501 in-

223 3545 306 3629 repit
333 3546 513 3612 oubieulum
542 3554 575 3613 et
603 3546 757 3634 pyxidem
787 3548 947 3633 depromit
974 3551 1093 3615 arcula.
1131 3571 1226 3633 quam
1249 3569 1312 3633 ego
1334 3568 1392 3611 am·
1407 3545 1428 3593 3⁰

224 3655 338 3738 plexus
361 3676 399 3721 ae
422 3656 623 3725 deoseulatus
645 3659 735 3744 prius
759 3665 855 3741 utque
878 3660 958 3725 mihi
980 3661 1145 3745 prosperis
1167 3661 1292 3725 fauerst
1313 3657 1393 3722 uola-

293 3844 308 3893 3
322 3841 405 3911 prior
422 3859 440 3895 n
457 3843 485 3895 ta
505 3843 631 3911 pinnatus
647 3845 674 3897 r'a
692 3860 747 3898 ras.
765 3842 839 3909 iaF,
867 3839 976 3913 pmnar’
996 3864 1017 3913 φ
1085 3848 1101 3897 4
1119 3843 1138 3897 d
1155 3842 1257 3912 iaqu
1275 3857 1345 3895 corr.
1361 3852 1393 3890 es

224 3939 236 3987 t
254 3934 282 3987 ia
299 3934 328 3987 F
409 3936 539 3990 sperner
556 3951 597 3989 me
615 3953 661 3990 urx
678 3937 710 4002 F,
736 3938 772 3991 dc
795 3953 838 3991 me
855 3952 898 3991 me
914 3954 998 4006 urxp
1090 3936 1162 4005 lat]
1180 3942 1229 3989 aut
1245 3934 1291 4004 Fe
1378 3933 1391 3980 9

227 4028 328 4097 tuppmr
353 4028 380 4081 F
471 4033 500 4081 10
526 4026 639 4099 prgnard
662 4030 694 4084 F*
792 4028 918 4083 12f0t1d1
940 4030 984 4099 Fa
1084 4034 1115 4084 13
1137 4029 1207 4083 ritud
1225 4060 1236 4080 a
1251 4059 1263 4079 ι
1279 4022 1392 4084 marl,

227 4145 296 4200 nibil
312 4162 420 4201 erasum
438 4147 465 4201 iu
484 4168 503 4217 φ
593 4152 622 4203 16
642 4110 747 4203 ndrnar
761 4149 790 4202 F
872 4140 904 4203 26
923 4147 1033 4215 firttrlrb;
1051 4150 1079 4201 F
1150 4152 1181 4202 27
1198 4147 1319 4201 herbulis
1334 4144 1393 4213 sip·

226 4240 299 4293 sius.-
328 4240 445 4295 herculrl
460 4240 504 4311 Fp
608 4245 638 4295 27
657 4242 801 4296 immistum
819 4241 860 4297 ed.
881 4243 1030 4315 princeps:
1058 4237 1173 4298 rmmriid
1189 4240 1222 4305 F,
1248 4233 1391 4303 mmrildp

229 4334 261 4384 '28
280 4333 308 4385 ia
325 4330 438 4388 fontano
450 4339 518 4406 post
534 4350 551 4389 a
568 4334 656 4389 deleta
674 4351 690 4389 a
708 4337 736 4389 ia
754 4336 787 4402 F,
805 4334 925 4405 fonltano
943 4357 963 4405 φ
