2934 4900
237 217 297 278 124
732 229 825 278 unsar
850 231 899 276 vn

232 383 432 449 commeabat
443 381 589 463 adsidue,
614 381 780 466 partisque
803 382 974 466 subreptas
995 382 1141 447 clanculo
1164 388 1196 448 et
1216 389 1415 467 praegusta·

219 502 282 560 ‘tas
305 514 326 559 a
348 513 383 560 se
406 493 553 578 potiones
576 491 732 558 offerebat
752 491 875 558 hilaris.
909 500 943 557 at
964 492 1023 557 illa
1045 493 1192 558 sumebat
1212 493 1416 577 adpetentes

233 611 340 670 etnon
362 623 526 686 uunquam
548 602 678 668 basiare
700 602 823 666 uolenti
843 601 1001 687 promptis
1015 603 1149 669 sauiolis
1162 601 1413 670 adlubescebat.

233 733 315 798 quae
345 735 397 780 res
425 713 544 798 oppido
576 711 655 776 mihi
684 710 884 796 displicebat.
915 705 1009 777 ‘hem
1038 713 1140 778 oblita
1161 733 1198 780 es
1218 713 1414 798 nuptiarum
1432 724 1461 783 [r

232 826 344 908 tuique
367 824 467 889 mutui
489 823 654 908 cupitoris‚
678 823 788 906 puella
808 823 924 905 uirgo?
953 823 1055 889 atilli
1076 823 1186 890 nescio
1210 825 1262 888 oui
1284 823 1445 890 recentis

233 935 362 1016 marito,
392 954 487 1018 quem
515 933 753 1021 tibilpareutes
780 933 970 1015 iunxerunt,
999 933 1084 1033 hunc
1105 933 1267 999 aduenam
1295 954 1415 1000 cruen-

234 1053 366 1130 tumque
402 1064 622 1131 percussorem
651 1044 855 1129 praeponis?
892 1063 952 1110 nec
979 1050 1012 1110 te
1039 1045 1239 1111 conscientia
1262 1045 1415 1110 stimulat

233 1155 292 1222 sed
312 1155 493 1221 adlectione
514 1155 638 1220 calcata
670 1155 755 1219 inter
784 1155 917 1221 lanceas
947 1160 980 1220 et
1006 1153 1133 1238 gladios
1160 1154 1241 1221 istos
1271 1157 1414 1221 scortari

237 1266 298 1331 tibi
320 1265 424 1332 libet?
446 1263 524 1348 quid
547 1265 639 1346 siquo
661 1263 757 1330 modo
779 1265 923 1330 latrones
945 1264 1042 1330 ceteri
1072 1266 1311 1350 persenserint,
1342 1287 1412 1332 ncu

233 1397 359 1443 rursum
382 1395 527 1442 recurres
549 1374 592 1440 ad
613 1373 741 1440 asinum
771 1381 803 1440 et
831 1396 959 1442 rursum
982 1375 1115 1441 exitium
1143 1375 1222 1439 mihi
1250 1377 1415 1460 parabis?
1433 1389 1458 1438 to

235 1506 269 1553 re
292 1505 371 1552 uera
393 1485 479 1552 ludis
501 1484 543 1551 de
565 1485 673 1550 alieno
696 1479 808 1550 corio’

150 1609 213 1674 ΧΠ
319 1597 405 1660 Dum
433 1596 495 1660 ista
523 1590 724 1680 sycophanta
753 1584 812 1678 ego
841 1613 964 1659 mecum
993 1596 1135 1660 maxima
1158 1614 1230 1660 eum
1258 1594 1413 1680 indigna-

233 1707 320 1773 tione
342 1706 482 1789 disputo‚
505 1705 546 1771 de
568 1705 677 1770 uerbis
699 1723 809 1794 eorum
832 1703 1025 1788 quibusdam
1055 1704 1162 1772 dubiis
1185 1704 1336 1772 sednon
1360 1706 1415 1770 oh

158 1800 161 1810 ’
234 1817 336 1884 scuris
359 1816 510 1901 prudenti
533 1815 626 1882 asino
649 1834 807 1899 cognosco
829 1835 895 1881 non
914 1814 1073 1881 Haemum
1094 1815 1186 1880 illum
1207 1815 1413 1901 praedonem

174 1991 176 1996 ,
235 1928 392 2008 famosum
416 1926 473 1993 sed
496 1927 718 2011 Tlepolemum
742 1945 895 2009 sponsum
916 1926 1045 2010 puellae
1066 1925 1180 2010 ipsius.
1203 1945 1278 1992 nam
1293 1947 1410 2010 proce
1431 1944 1457 1991 rs

233 2038 329 2105 deute
363 2056 510 2104 sermone
542 2037 639 2120 paulo
669 2036 733 2100 iam
762 2035 881 2101 clarius
910 2042 1095 2121 contempta
1115 2056 1189 2101 mea
1216 2039 1412 2121 praesentia

233 2148 326 2231 quasi
349 2167 426 2214 uere
447 2147 563 2212 mortui
583 2139 687 2211 ‘bono
709 2145 817 2228 animo
840 2137 890 2212 es'
914 2145 1020 2228 inquit
1038 2139 1190 2212 ‘Charite
1204 2145 1409 2213 dulcissima

232 2265 308 2324 riam
337 2265 420 2323 totos
450 2258 532 2324 istos
569 2255 678 2322 hostes
712 2263 785 2322 tuos
816 2257 926 2322 statim
953 2257 1100 2341 captiuos
1128 2249 1279 2324 habehis'
1303 2266 1342 2322 et
1366 2261 1412 2325 in·

233 2367 354 2434 stantia
374 2366 532 2432 ualidiore
561 2366 672 2431 ninum
695 2365 951 2431 iam-inmixtum
982 2365 1042 2434 sed
1062 2366 1189 2433 modico
1209 2368 1411 2455 tepefactum

233 2496 355 2562 uapore
377 2478 496 2545 sauciis
518 2477 584 2544 illis
606 2484 638 2542 et
660 2478 793 2561 crapula
813 2476 1055 2563 uiuolentiaque
1085 2478 1225 2545 madidis
1252 2480 1328 2564 ipse
1352 2480 1411 2546 ah
1425 2492 1453 2542 co

235 2588 368 2655 stamius
396 2608 462 2653 uon
489 2593 596 2654 cessat
630 2588 810 2672 inpingere.
847 2594 880 2651 et
905 2587 1062 2655 Hercules
1084 2610 1140 2655 sus
1164 2589 1300 2655 iciouem
1322 2590 1410 2655 mihi

233 2699 308 2765 fecit
329 2698 423 2783 quasi
446 2698 655 2781 soporiferum
672 2696 834 2783 quoddam
850 2716 1010 2763 uenenum
1025 2699 1189 2765 cantharis
1210 2699 1414 2767 immisceret

233 2808 308 2875 illis.
341 2808 446 2875 cuncti
468 2808 607 2891 denique
631 2807 689 2874 sed
710 2828 843 2893 prorsus
866 2828 977 2875 omnes
1000 2810 1076 2875 uino
1099 2810 1217 2893 sepulti
1244 2810 1412 2894 iacebant,

234 2939 361 2986 omnem
383 2919 500 3004 partim
522 2919 649 2983 mortui.
687 2924 763 2983 tunc
795 2918 883 2983 nullo
912 2920 1043 3002 negotio
1066 2920 1238 2987 artissimis
1265 2920 1410 2987 uinculis

234 3029 398 3115 impeditis
426 3049 465 3094 ac
491 3048 550 3114 pro
572 3028 704 3095 arbitrio
728 3048 786 3095 suo
814 3029 995 3095 constrictis
1023 3030 1098 3114 illis,
1134 3032 1286 3114 imposita
1308 3031 1410 3098 dorso
1427 3038 1453 3087 ‘25

233 3159 305 3205 meo
328 3140 447 3224 puella,
470 3138 581 3223 dirigit
594 3152 748 3223 'gressum
770 3139 812 3203 ad
836 3159 929 3204 suam
950 3141 1098 3224 patriam.
1151 3216 1155 3223 ¹

129 3262 213 3328 xffl
321 3248 426 3327 Quam
441 3249 537 3315 simul
552 3250 758 3331 accessimus,
776 3247 844 3314 tota
851 3250 966 3317 ciuitas
981 3250 1024 3315 ad
1042 3252 1185 3316 uotiuum
1200 3259 1411 3336 conspectum

235 3358 418 3425 effunditur.
433 3365 622 3444 procurrunt
634 3367 787 3445 parentes
800 3360 916 3426 affines
929 3361 1063 3427 clientes
1076 3361 1198 3426 alumni
1205 3362 1317 3427 famuli
1328 3363 1410 3428 laeti

234 3468 358 3550 faciem,
374 3469 494 3553 gaudio
509 3468 654 3535 delibuti.
691 3489 842 3554 pompam
855 3489 1001 3537 nemeres
1024 3473 1128 3537 omnis
1142 3490 1240 3539 sexus
1252 3479 1284 3535 et
1302 3473 1409 3539 omnis

235 3580 353 3645 aetatis
375 3599 558 3665 nouumque
573 3586 605 3645 et
617 3580 772 3647 Hercules
785 3580 1027 3646 memorandum
1047 3588 1233 3665 spectamen
1246 3582 1410 3665 uirginem
1427 3594 1454 3642 ao

234 3690 327 3755 asino
344 3690 603 3775 triumphantem.
627 3689 767 3774 denique
781 3691 852 3775 ipse
867 3691 964 3756 etiam
987 3691 1121 3757 hilarior
1134 3710 1193 3773 pro
1207 3691 1293 3757 uirili
1316 3702 1410 3778 parte

304 3972 440 4047 thalnare
456 3992 488 4061 s:
506 3990 649 4056 nahereF,
668 3953 801 4061 haharep
854 3956 1118 4059 labrothsahrolrt
1125 4014 1145 4063 φ
1217 3999 1245 4048 17
1258 3995 1334 4064 quali
1345 4011 1411 4051 uere

234 4084 390 4139 Merccros:
408 4084 543 4154 qnehuere
560 4082 592 4148 F,
610 4083 692 4155 {phere
709 4104 729 4153 φ
747 4123 761 4152 ,
800 4087 1065 4157 tonmulenuaq;1‹⁷‚
1082 4087 1302 4157 mnolentraq›p
1376 4094 1408 4143 21

235 4177 316 4232 mrchr
335 4178 363 4231 F
445 4182 476 4232 23
492 4194 597 4234 vsomno
615 4180 732 4247 uinoque
750 4179 865 4234 coniecit
881 4178 1031 4253 Sopiopius
1117 4184 1149 4235 23
1167 4196 1273 4235 omnem
1288 4183 1409 4253 sorapsi:

236 4272 327 4325 omnes
342 4272 371 4325 F
452 4276 484 4327 30
508 4278 564 4326 tam
582 4275 610 4328 io
639 4273 757 4340 lpectam
779 4272 809 4325 ia
832 4288 886 4327 ras.
905 4291 923 4328 a
939 4273 1066 4330 secanda
1076 4290 1160 4329 mana
1176 4266 1309 4347 sareptam
1328 4277 1359 4329 m
1377 4275 1409 4340 F,

238 4365 392 4433 lpeetamp
446 4386 454 4401 ·
