<?xml version="1.0" encoding="UTF-8"?>
<!DOCTYPE html PUBLIC "-//W3C//DTD XHTML 1.0 Transitional//EN"
    "http://www.w3.org/TR/xhtml1/DTD/xhtml1-transitional.dtd">
<html xmlns="http://www.w3.org/1999/xhtml" xml:lang="en" lang="en">
 <head>
  <title>
</title>
<meta http-equiv="Content-Type" content="text/html;charset=utf-8" />
  <meta name='ocr-system' content='tesseract 3.04.00' />
  <meta name='ocr-capabilities' content='ocr_page ocr_carea ocr_par ocr_line ocrx_word'/>
</head>
<body>
  <div class='ocr_page' id='page_1' title='image "./metamorphoseonl00eyssgoog/metamorphoseonl00eyssgoog_0060.png"; bbox 0 0 2934 4900; ppageno 0'>
   <div class='ocr_carea' id='block_1_1' title="bbox 242 218 905 281">
    <p class='ocr_par' dir='ltr' id='par_1_1' title="bbox 242 218 905 281">
     <span class='ocr_line' id='line_1_1' title="bbox 242 218 905 281; baseline 0.003 -3"><span class='ocrx_word' id='word_1_1' title='bbox 242 218 281 280; x_wconf 76' lang='grc'><strong>48</strong></span> <span class='ocrx_word' id='word_1_2' title='bbox 752 235 844 280; x_wconf 77' lang='lat' dir='ltr'><strong>emur</strong></span> <span class='ocrx_word' id='word_1_3' title='bbox 865 236 905 281; x_wconf 93' lang='lat'><strong>111</strong></span> 
     </span>
    </p>
   </div>
   <div class='ocr_carea' id='block_1_2' title="bbox 117 384 1446 3346">
    <p class='ocr_par' dir='ltr' id='par_1_2' title="bbox 117 384 1446 3346">
     <span class='ocr_line' id='line_1_2' title="bbox 241 384 1403 472; baseline 0.004 -23"><span class='ocrx_word' id='word_1_4' title='bbox 241 384 350 452; x_wconf 88' lang='lat' dir='ltr'><strong>dicare</strong></span> <span class='ocrx_word' id='word_1_5' title='bbox 369 387 540 471; x_wconf 81' lang='lat' dir='ltr'><strong>compellit.</strong></span> <span class='ocrx_word' id='word_1_6' title='bbox 559 387 643 452; x_wconf 74' lang='lat' dir='ltr'><strong>&#39;iam</strong></span> <span class='ocrx_word' id='word_1_7' title='bbox 666 388 749 454; x_wconf 91' lang='lat' dir='ltr'><strong>scies</strong></span> <span class='ocrx_word' id='word_1_8' title='bbox 771 408 899 455; x_wconf 91' lang='lat' dir='ltr'><strong>omnem</strong></span> <span class='ocrx_word' id='word_1_9' title='bbox 921 386 1035 454; x_wconf 90' lang='lat' dir='ltr'><strong>domus</strong></span> <span class='ocrx_word' id='word_1_10' title='bbox 1050 394 1180 454; x_wconf 88' lang='lat' dir='ltr'><strong>nostrae</strong></span> <span class='ocrx_word' id='word_1_11' title='bbox 1195 394 1324 472; x_wconf 90' lang='lat' dir='ltr'><strong>statum,</strong></span> <span class='ocrx_word' id='word_1_12' title='bbox 1347 391 1403 454; x_wconf 89' lang='lat' dir='ltr'><strong>iam</strong></span> 
     </span>
     <span class='ocr_line' id='line_1_3' title="bbox 241 496 1401 583; baseline 0.004 -22"><span class='ocrx_word' id='word_1_13' title='bbox 241 497 324 562; x_wconf 88' lang='lat' dir='ltr'><strong>scies</strong></span> <span class='ocrx_word' id='word_1_14' title='bbox 354 516 430 562; x_wconf 89' lang='lat' dir='ltr'><strong>erae</strong></span> <span class='ocrx_word' id='word_1_15' title='bbox 458 517 549 563; x_wconf 90' lang='lat' dir='ltr'><strong>meac</strong></span> <span class='ocrx_word' id='word_1_16' title='bbox 578 497 727 564; x_wconf 88' lang='lat' dir='ltr'><strong>miranda</strong></span> <span class='ocrx_word' id='word_1_17' title='bbox 756 504 895 582; x_wconf 87' lang='lat' dir='ltr'><strong>secreta,</strong></span> <span class='ocrx_word' id='word_1_18' title='bbox 930 498 1047 582; x_wconf 86' lang='lat' dir='ltr'><strong>quibus</strong></span> <span class='ocrx_word' id='word_1_19' title='bbox 1080 496 1259 565; x_wconf 89' lang='lat' dir='ltr'><strong>obaudiunt</strong></span> <span class='ocrx_word' id='word_1_20' title='bbox 1289 521 1401 583; x_wconf 87' lang='lat' dir='ltr'><strong>manes,</strong></span> 
     </span>
     <span class='ocr_line' id='line_1_4' title="bbox 240 606 1402 693; baseline 0.006 -24"><span class='ocrx_word' id='word_1_21' title='bbox 240 606 407 672; x_wconf 83' lang='lat' dir='ltr'><strong>turbantur</strong></span> <span class='ocrx_word' id='word_1_22' title='bbox 423 607 540 691; x_wconf 87' lang='lat' dir='ltr'><strong>sidera,</strong></span> <span class='ocrx_word' id='word_1_23' title='bbox 563 609 718 692; x_wconf 81' lang='lat' dir='ltr'><strong>eoguntur</strong></span> <span class='ocrx_word' id='word_1_24' title='bbox 740 611 881 693; x_wconf 90' lang='lat' dir='ltr'><strong>numina,</strong></span> <span class='ocrx_word' id='word_1_25' title='bbox 905 609 1048 676; x_wconf 87' lang='lat' dir='ltr'><strong>seruiunt</strong></span> <span class='ocrx_word' id='word_1_26' title='bbox 1069 611 1237 675; x_wconf 87' lang='lat' dir='ltr'><strong>elementa.</strong></span> <span class='ocrx_word' id='word_1_27' title='bbox 1274 631 1334 678; x_wconf 92' lang='lat' dir='ltr'><strong>neo</strong></span> <span class='ocrx_word' id='word_1_28' title='bbox 1355 633 1402 676; x_wconf 92' lang='lat' dir='ltr'><strong>un·</strong></span> 
     </span>
     <span class='ocr_line' id='line_1_5' title="bbox 239 718 1401 804; baseline 0.006 -25"><span class='ocrx_word' id='word_1_29' title='bbox 239 737 335 800; x_wconf 87' lang='lat' dir='ltr'><strong>quarn</strong></span> <span class='ocrx_word' id='word_1_30' title='bbox 364 718 469 801; x_wconf 84' lang='lat' dir='ltr'><strong>magis</strong></span> <span class='ocrx_word' id='word_1_31' title='bbox 497 719 575 784; x_wconf 85' lang='lat' dir='ltr'><strong>artis</strong></span> <span class='ocrx_word' id='word_1_32' title='bbox 602 719 698 786; x_wconf 89' lang='lat' dir='ltr'><strong>huius</strong></span> <span class='ocrx_word' id='word_1_33' title='bbox 729 720 884 786; x_wconf 90' lang='lat' dir='ltr'><strong>uiolentia</strong></span> <span class='ocrx_word' id='word_1_34' title='bbox 910 721 1022 785; x_wconf 93' lang='lat' dir='ltr'><strong>nititur</strong></span> <span class='ocrx_word' id='word_1_35' title='bbox 1050 741 1147 804; x_wconf 89' lang='lat' dir='ltr'><strong>qnam</strong></span> <span class='ocrx_word' id='word_1_36' title='bbox 1175 740 1247 784; x_wconf 91' lang='lat' dir='ltr'><strong>cum</strong></span> <span class='ocrx_word' id='word_1_37' title='bbox 1276 722 1401 798; x_wconf 83' lang='lat' dir='ltr'><strong>scitulae</strong></span> 
     </span>
     <span class='ocr_line' id='line_1_6' title="bbox 238 824 1422 916; baseline 0.005 -27"><span class='ocrx_word' id='word_1_38' title='bbox 238 824 394 908; x_wconf 79' lang='lat' dir='ltr'><strong>formulae</strong></span> <span class='ocrx_word' id='word_1_39' title='bbox 415 829 564 895; x_wconf 90' lang='lat' dir='ltr'><strong>iuuenem</strong></span> <span class='ocrx_word' id='word_1_40' title='bbox 588 831 772 914; x_wconf 81' lang='lat' dir='ltr'>quempiam</span> <span class='ocrx_word' id='word_1_41' title='bbox 794 829 932 896; x_wconf 84' lang='lat' dir='ltr'><strong>libenter</strong></span> <span class='ocrx_word' id='word_1_42' title='bbox 953 830 1097 916; x_wconf 82' lang='lat' dir='ltr'>aspexit,</span> <span class='ocrx_word' id='word_1_43' title='bbox 1120 829 1206 913; x_wconf 89' lang='lat' dir='ltr'><strong>quod</strong></span> <span class='ocrx_word' id='word_1_44' title='bbox 1228 830 1357 915; x_wconf 88' lang='lat' dir='ltr'><strong>quidem</strong></span> <span class='ocrx_word' id='word_1_45' title='bbox 1376 833 1422 896; x_wconf 75' lang='lat' dir='ltr'><strong>eie</strong></span> 
     </span>
     <span class='ocr_line' id='line_1_7' title="bbox 239 935 656 1006; baseline 0.007 -4"><span class='ocrx_word' id='word_1_46' title='bbox 239 935 320 1002; x_wconf 84' lang='lat' dir='ltr'><strong>solet</strong></span> <span class='ocrx_word' id='word_1_47' title='bbox 341 939 493 1005; x_wconf 77' lang='lat' dir='ltr'><strong>crebriter</strong></span> <span class='ocrx_word' id='word_1_48' title='bbox 516 941 656 1006; x_wconf 92' lang='lat' dir='ltr'><strong>euenire.</strong></span> 
     </span>
     <span class='ocr_line' id='line_1_8' title="bbox 140 1050 1443 1137; baseline 0.001 -21"><span class='ocrx_word' id='word_1_49' title='bbox 140 1065 217 1130; x_wconf 78' lang='lat' dir='ltr'><strong>XVI</strong></span> <span class='ocrx_word' id='word_1_50' title='bbox 323 1051 416 1116; x_wconf 88' lang='lat' dir='ltr'><strong>Nunc</strong></span> <span class='ocrx_word' id='word_1_51' title='bbox 438 1052 535 1116; x_wconf 88' lang='lat' dir='ltr'><strong>etiarn</strong></span> <span class='ocrx_word' id='word_1_52' title='bbox 564 1050 802 1118; x_wconf 75' lang='lat' dir='ltr'><strong>adulescentem</strong></span> <span class='ocrx_word' id='word_1_53' title='bbox 831 1051 991 1137; x_wconf 90' lang='lat' dir='ltr'><strong>quendam</strong></span> <span class='ocrx_word' id='word_1_54' title='bbox 1013 1051 1181 1116; x_wconf 91' lang='lat' dir='ltr'><strong>Boeotium</strong></span> <span class='ocrx_word' id='word_1_55' title='bbox 1209 1072 1333 1118; x_wconf 86' lang='lat' dir='ltr'><strong>summo</strong></span> <span class='ocrx_word' id='word_1_56' title='bbox 1353 1051 1399 1117; x_wconf 88' lang='lat' dir='ltr'><strong>de·</strong></span> <span class='ocrx_word' id='word_1_57' title='bbox 1442 1106 1443 1109; x_wconf 14' lang='grc' dir='ltr'>η</span> 
     </span>
     <span class='ocr_line' id='line_1_9' title="bbox 151 1153 1399 1248; baseline 0.003 -25"><span class='ocrx_word' id='word_1_58' title='bbox 151 1153 161 1163; x_wconf 74' lang='grc'><strong>“’</strong></span> <span class='ocrx_word' id='word_1_59' title='bbox 240 1178 346 1224; x_wconf 90' lang='lat' dir='ltr'><strong>corum</strong></span> <span class='ocrx_word' id='word_1_60' title='bbox 370 1160 512 1227; x_wconf 87' lang='lat' dir='ltr'><strong>efflictim</strong></span> <span class='ocrx_word' id='word_1_61' title='bbox 534 1160 660 1248; x_wconf 85' lang='lat' dir='ltr'><strong>deperit</strong></span> <span class='ocrx_word' id='word_1_62' title='bbox 681 1170 829 1247; x_wconf 86' lang='lat' dir='ltr'><strong>totasque</strong></span> <span class='ocrx_word' id='word_1_63' title='bbox 850 1163 929 1229; x_wconf 87' lang='lat' dir='ltr'><strong>artis</strong></span> <span class='ocrx_word' id='word_1_64' title='bbox 952 1181 1082 1243; x_wconf 90' lang='lat' dir='ltr'><strong>manus,</strong></span> <span class='ocrx_word' id='word_1_65' title='bbox 1106 1161 1275 1230; x_wconf 91' lang='lat' dir='ltr'><strong>machinas</strong></span> <span class='ocrx_word' id='word_1_66' title='bbox 1298 1183 1399 1228; x_wconf 87' lang='lat' dir='ltr'><strong>omnes</strong></span> 
     </span>
     <span class='ocr_line' id='line_1_10' title="bbox 159 1268 1398 1357; baseline 0.004 -24"><span class='ocrx_word' id='word_1_67' title='bbox 159 1338 166 1348; x_wconf 17' lang='grc' dir='ltr'><strong>Χ</strong></span> <span class='ocrx_word' id='word_1_68' title='bbox 239 1268 389 1336; x_wconf 87' lang='lat' dir='ltr'><strong>ardenter</strong></span> <span class='ocrx_word' id='word_1_69' title='bbox 412 1278 547 1339; x_wconf 79' lang='lat' dir='ltr'><strong>exercet.</strong></span> <span class='ocrx_word' id='word_1_70' title='bbox 585 1272 695 1338; x_wconf 91' lang='lat' dir='ltr'><strong>audiui</strong></span> <span class='ocrx_word' id='word_1_71' title='bbox 716 1273 862 1357; x_wconf 89' lang='lat' dir='ltr'><strong>uesperi,</strong></span> <span class='ocrx_word' id='word_1_72' title='bbox 892 1273 973 1338; x_wconf 90' lang='lat' dir='ltr'><strong>meis</strong></span> <span class='ocrx_word' id='word_1_73' title='bbox 1000 1272 1069 1356; x_wconf 89' lang='lat' dir='ltr'><strong>his,</strong></span> <span class='ocrx_word' id='word_1_74' title='bbox 1098 1273 1247 1356; x_wconf 88' lang='lat' dir='ltr'><strong>inquam,</strong></span> <span class='ocrx_word' id='word_1_75' title='bbox 1277 1275 1398 1338; x_wconf 87' lang='lat' dir='ltr'><strong>auribus</strong></span> 
     </span>
     <span class='ocr_line' id='line_1_11' title="bbox 240 1380 1429 1467; baseline -0.001 -24"><span class='ocrx_word' id='word_1_76' title='bbox 240 1380 364 1462; x_wconf 88' lang='lat' dir='ltr'><strong>audiui,</strong></span> <span class='ocrx_word' id='word_1_77' title='bbox 394 1381 480 1464; x_wconf 91' lang='lat' dir='ltr'><strong>quod</strong></span> <span class='ocrx_word' id='word_1_78' title='bbox 502 1403 566 1448; x_wconf 93' lang='lat' dir='ltr'><strong>non</strong></span> <span class='ocrx_word' id='word_1_79' title='bbox 589 1384 725 1449; x_wconf 87' lang='lat' dir='ltr'><strong>celerius</strong></span> <span class='ocrx_word' id='word_1_80' title='bbox 749 1383 797 1448; x_wconf 92' lang='lat' dir='ltr'><strong>sol</strong></span> <span class='ocrx_word' id='word_1_81' title='bbox 818 1382 908 1448; x_wconf 89' lang='lat' dir='ltr'><strong>eaelo</strong></span> <span class='ocrx_word' id='word_1_82' title='bbox 936 1384 1055 1449; x_wconf 82' lang='lat' dir='ltr'><strong>ruisset</strong></span> <span class='ocrx_word' id='word_1_83' title='bbox 1076 1383 1225 1467; x_wconf 91' lang='lat' dir='ltr'><strong>noctique</strong></span> <span class='ocrx_word' id='word_1_84' title='bbox 1255 1383 1295 1449; x_wconf 91' lang='lat' dir='ltr'><strong>ad</strong></span> <span class='ocrx_word' id='word_1_85' title='bbox 1318 1404 1398 1450; x_wconf 86' lang='lat' dir='ltr'><strong>exer·</strong></span> <span class='ocrx_word' id='word_1_86' title='bbox 1412 1408 1429 1450; x_wconf 79' lang='lat' dir='ltr'><strong>o</strong></span> 
     </span>
     <span class='ocr_line' id='line_1_12' title="bbox 237 1490 1397 1580; baseline 0.003 -26"><span class='ocrx_word' id='word_1_87' title='bbox 237 1490 357 1556; x_wconf 89' lang='lat' dir='ltr'><strong>cendas</strong></span> <span class='ocrx_word' id='word_1_88' title='bbox 389 1491 569 1560; x_wconf 86' lang='lat' dir='ltr'><strong>inlecebras</strong></span> <span class='ocrx_word' id='word_1_89' title='bbox 597 1495 724 1578; x_wconf 78' lang='lat' dir='ltr'><strong>magiae</strong></span> <span class='ocrx_word' id='word_1_90' title='bbox 754 1494 910 1560; x_wconf 86' lang='lat' dir='ltr'><strong>maturius</strong></span> <span class='ocrx_word' id='word_1_91' title='bbox 938 1495 1106 1575; x_wconf 80' lang='lat' dir='ltr'><strong>cessisset,</strong></span> <span class='ocrx_word' id='word_1_92' title='bbox 1134 1493 1198 1580; x_wconf 88' lang='lat' dir='ltr'><strong>ipsi</strong></span> <span class='ocrx_word' id='word_1_93' title='bbox 1221 1494 1289 1560; x_wconf 87' lang='lat' dir='ltr'><strong>Soli</strong></span> <span class='ocrx_word' id='word_1_94' title='bbox 1317 1494 1397 1560; x_wconf 92' lang='lat' dir='ltr'><strong>nubi-</strong></span> 
     </span>
     <span class='ocr_line' id='line_1_13' title="bbox 236 1600 1397 1689; baseline 0.003 -25"><span class='ocrx_word' id='word_1_95' title='bbox 236 1600 301 1665; x_wconf 88' lang='lat' dir='ltr'><strong>lam</strong></span> <span class='ocrx_word' id='word_1_96' title='bbox 331 1603 503 1686; x_wconf 83' lang='lat' dir='ltr'><strong>ealiginem</strong></span> <span class='ocrx_word' id='word_1_97' title='bbox 526 1612 558 1670; x_wconf 91' lang='lat' dir='ltr'><strong>et</strong></span> <span class='ocrx_word' id='word_1_98' title='bbox 580 1611 754 1689; x_wconf 87' lang='lat' dir='ltr'><strong>perpetuas</strong></span> <span class='ocrx_word' id='word_1_99' title='bbox 781 1605 933 1670; x_wconf 91' lang='lat' dir='ltr'><strong>tenebras</strong></span> <span class='ocrx_word' id='word_1_100' title='bbox 961 1605 1219 1671; x_wconf 84' lang='lat' dir='ltr'><strong>comminantem.</strong></span> <span class='ocrx_word' id='word_1_101' title='bbox 1256 1605 1339 1669; x_wconf 92' lang='lat' dir='ltr'><strong>hunc</strong></span> <span class='ocrx_word' id='word_1_102' title='bbox 1358 1606 1397 1668; x_wconf 91' lang='lat' dir='ltr'><strong>iu-</strong></span> 
     </span>
     <span class='ocr_line' id='line_1_14' title="bbox 238 1713 1397 1799; baseline 0.004 -24"><span class='ocrx_word' id='word_1_103' title='bbox 238 1731 351 1777; x_wconf 89' lang='lat' dir='ltr'><strong>uenem</strong></span> <span class='ocrx_word' id='word_1_104' title='bbox 373 1732 444 1777; x_wconf 89' lang='lat' dir='ltr'><strong>cum</strong></span> <span class='ocrx_word' id='word_1_105' title='bbox 467 1735 486 1780; x_wconf 93' lang='lat' dir='ltr'><strong>e</strong></span> <span class='ocrx_word' id='word_1_106' title='bbox 507 1714 634 1781; x_wconf 90' lang='lat' dir='ltr'><strong>balneis</strong></span> <span class='ocrx_word' id='word_1_107' title='bbox 663 1714 784 1781; x_wconf 85' lang='lat' dir='ltr'><strong>rediret</strong></span> <span class='ocrx_word' id='word_1_108' title='bbox 811 1715 899 1799; x_wconf 89' lang='lat' dir='ltr'><strong>ipsa,</strong></span> <span class='ocrx_word' id='word_1_109' title='bbox 929 1715 1107 1781; x_wconf 86' lang='lat' dir='ltr'><strong>tonstrinae</strong></span> <span class='ocrx_word' id='word_1_110' title='bbox 1134 1713 1329 1781; x_wconf 86' lang='lat' dir='ltr'><strong>residentem</strong></span> <span class='ocrx_word' id='word_1_111' title='bbox 1349 1715 1397 1780; x_wconf 92' lang='lat' dir='ltr'><strong>he-</strong></span> 
     </span>
     <span class='ocr_line' id='line_1_15' title="bbox 237 1822 1396 1910; baseline 0.001 -22"><span class='ocrx_word' id='word_1_112' title='bbox 237 1828 346 1888; x_wconf 89' lang='lat' dir='ltr'><strong>sterna</strong></span> <span class='ocrx_word' id='word_1_113' title='bbox 368 1822 420 1888; x_wconf 92' lang='lat' dir='ltr'><strong>die</strong></span> <span class='ocrx_word' id='word_1_114' title='bbox 442 1825 524 1890; x_wconf 85' lang='lat' dir='ltr'><strong>torte</strong></span> <span class='ocrx_word' id='word_1_115' title='bbox 545 1826 712 1910; x_wconf 81' lang='lat' dir='ltr'><strong>conspexit</strong></span> <span class='ocrx_word' id='word_1_116' title='bbox 741 1845 779 1890; x_wconf 90' lang='lat' dir='ltr'><strong>ao</strong></span> <span class='ocrx_word' id='word_1_117' title='bbox 806 1845 858 1890; x_wconf 90' lang='lat' dir='ltr'><strong>me</strong></span> <span class='ocrx_word' id='word_1_118' title='bbox 886 1825 1020 1910; x_wconf 84' lang='lat' dir='ltr'><strong>capillos</strong></span> <span class='ocrx_word' id='word_1_119' title='bbox 1049 1825 1119 1891; x_wconf 89' lang='lat' dir='ltr'><strong>eius</strong></span> <span class='ocrx_word' id='word_1_120' title='bbox 1143 1824 1198 1909; x_wconf 90' lang='lat' dir='ltr'><strong>qui</strong></span> <span class='ocrx_word' id='word_1_121' title='bbox 1219 1825 1285 1890; x_wconf 87' lang='lat' dir='ltr'><strong>ianr</strong></span> <span class='ocrx_word' id='word_1_122' title='bbox 1305 1825 1396 1890; x_wconf 87' lang='lat' dir='ltr'><strong>caede</strong></span> 
     </span>
     <span class='ocr_line' id='line_1_16' title="bbox 236 1932 1428 2021; baseline 0.002 -24"><span class='ocrx_word' id='word_1_123' title='bbox 236 1932 407 1997; x_wconf 90' lang='lat' dir='ltr'><strong>cultrorum</strong></span> <span class='ocrx_word' id='word_1_124' title='bbox 434 1934 525 2000; x_wconf 91' lang='lat' dir='ltr'><strong>humi</strong></span> <span class='ocrx_word' id='word_1_125' title='bbox 547 1934 745 2018; x_wconf 88' lang='lat' dir='ltr'><strong>diiacebant,</strong></span> <span class='ocrx_word' id='word_1_126' title='bbox 774 1937 918 2002; x_wconf 90' lang='lat' dir='ltr'><strong>clanculo</strong></span> <span class='ocrx_word' id='word_1_127' title='bbox 948 1935 1173 2021; x_wconf 87' lang='lat' dir='ltr'><strong>praecipitauit</strong></span> <span class='ocrx_word' id='word_1_128' title='bbox 1194 1935 1288 2002; x_wconf 83' lang='lat' dir='ltr'><strong>terre.</strong></span> <span class='ocrx_word' id='word_1_129' title='bbox 1325 1957 1395 2020; x_wconf 87' lang='lat' dir='ltr'><strong>quos</strong></span> <span class='ocrx_word' id='word_1_130' title='bbox 1410 1949 1428 1993; x_wconf 65' lang='lat' dir='ltr'><strong>tt</strong></span> 
     </span>
     <span class='ocr_line' id='line_1_17' title="bbox 235 2027 1395 2130; baseline 0.003 -23"><span class='ocrx_word' id='word_1_131' title='bbox 235 2027 286 2108; x_wconf 85' lang='lat' dir='ltr'><strong>me</strong></span> <span class='ocrx_word' id='word_1_132' title='bbox 310 2043 421 2110; x_wconf 89' lang='lat' dir='ltr'><strong>sedulo</strong></span> <span class='ocrx_word' id='word_1_133' title='bbox 449 2044 620 2130; x_wconf 87' lang='lat' dir='ltr'><strong>furtimque</strong></span> <span class='ocrx_word' id='word_1_134' title='bbox 649 2047 854 2129; x_wconf 83' lang='lat' dir='ltr'><strong>colligentem</strong></span> <span class='ocrx_word' id='word_1_135' title='bbox 881 2053 992 2112; x_wconf 89' lang='lat' dir='ltr'><strong>tonsor</strong></span> <span class='ocrx_word' id='word_1_136' title='bbox 1022 2046 1147 2111; x_wconf 89' lang='lat' dir='ltr'><strong>inuenit</strong></span> <span class='ocrx_word' id='word_1_137' title='bbox 1168 2053 1200 2112; x_wconf 93' lang='lat' dir='ltr'><strong>et</strong></span> <span class='ocrx_word' id='word_1_138' title='bbox 1222 2045 1307 2129; x_wconf 89' lang='lat' dir='ltr'><strong>quod</strong></span> <span class='ocrx_word' id='word_1_139' title='bbox 1327 2047 1395 2110; x_wconf 88' lang='lat' dir='ltr'><strong>alio</strong></span> 
     </span>
     <span class='ocr_line' id='line_1_18' title="bbox 234 2154 1395 2242; baseline 0.002 -24"><span class='ocrx_word' id='word_1_140' title='bbox 234 2154 313 2238; x_wconf 92' lang='lat' dir='ltr'><strong>quin</strong></span> <span class='ocrx_word' id='word_1_141' title='bbox 334 2155 508 2240; x_wconf 87' lang='lat' dir='ltr'><strong>publicitus</strong></span> <span class='ocrx_word' id='word_1_142' title='bbox 531 2156 696 2222; x_wconf 89' lang='lat' dir='ltr'><strong>maleficae</strong></span> <span class='ocrx_word' id='word_1_143' title='bbox 718 2155 912 2242; x_wconf 89' lang='lat' dir='ltr'><strong>disciplinae</strong></span> <span class='ocrx_word' id='word_1_144' title='bbox 926 2157 1123 2242; x_wconf 75' lang='lat' dir='ltr'><strong>perinfames</strong></span> <span class='ocrx_word' id='word_1_145' title='bbox 1145 2178 1268 2239; x_wconf 89' lang='lat' dir='ltr'><strong>sumus,</strong></span> <span class='ocrx_word' id='word_1_146' title='bbox 1290 2154 1395 2241; x_wconf 88' lang='lat' dir='ltr'><strong>adrep-</strong></span> 
     </span>
     <span class='ocr_line' id='line_1_19' title="bbox 146 2261 1445 2359; baseline 0.003 -32"><span class='ocrx_word' id='word_1_147' title='bbox 146 2289 149 2298; x_wconf 95' lang='lat'>·</span> <span class='ocrx_word' id='word_1_148' title='bbox 234 2270 300 2328; x_wconf 87' lang='lat' dir='ltr'><strong>tam</strong></span> <span class='ocrx_word' id='word_1_149' title='bbox 323 2265 531 2332; x_wconf 88' lang='lat' dir='ltr'><strong>inclementer</strong></span> <span class='ocrx_word' id='word_1_150' title='bbox 552 2267 698 2352; x_wconf 89' lang='lat' dir='ltr'><strong>increpat</strong></span> <span class='ocrx_word' id='word_1_151' title='bbox 724 2261 813 2332; x_wconf 87' lang='lat' dir='ltr'><strong>‘tune</strong></span> <span class='ocrx_word' id='word_1_152' title='bbox 835 2267 948 2332; x_wconf 91' lang='lat' dir='ltr'><strong>ultima</strong></span> <span class='ocrx_word' id='word_1_153' title='bbox 976 2287 1042 2332; x_wconf 89' lang='lat' dir='ltr'><strong>non</strong></span> <span class='ocrx_word' id='word_1_154' title='bbox 1064 2286 1175 2334; x_wconf 86' lang='lat' dir='ltr'><strong>cessas</strong></span> <span class='ocrx_word' id='word_1_155' title='bbox 1201 2266 1337 2359; x_wconf 78' lang='lat' dir='ltr'><strong>subinde</strong></span> <span class='ocrx_word' id='word_1_156' title='bbox 1355 2266 1394 2331; x_wconf 93' lang='lat' dir='ltr'><strong>le·</strong></span> <span class='ocrx_word' id='word_1_157' title='bbox 1444 2306 1445 2339; x_wconf 54' lang='lat' dir='ltr'><strong>r</strong></span> 
     </span>
     <span class='ocr_line' id='line_1_20' title="bbox 235 2376 1394 2464; baseline 0.001 -26"><span class='ocrx_word' id='word_1_158' title='bbox 235 2381 355 2440; x_wconf 84' lang='lat' dir='ltr'><strong>ctorem</strong></span> <span class='ocrx_word' id='word_1_159' title='bbox 376 2376 529 2443; x_wconf 90' lang='lat' dir='ltr'><strong>iuuenum</strong></span> <span class='ocrx_word' id='word_1_160' title='bbox 552 2378 778 2464; x_wconf 89' lang='lat' dir='ltr'><strong>capillamenta</strong></span> <span class='ocrx_word' id='word_1_161' title='bbox 801 2377 985 2463; x_wconf 81' lang='lat' dir='ltr'><strong>surripere?</strong></span> <span class='ocrx_word' id='word_1_162' title='bbox 1015 2377 1100 2464; x_wconf 89' lang='lat' dir='ltr'><strong>quod</strong></span> <span class='ocrx_word' id='word_1_163' title='bbox 1122 2378 1228 2444; x_wconf 88' lang='lat' dir='ltr'><strong>scelus</strong></span> <span class='ocrx_word' id='word_1_164' title='bbox 1251 2377 1314 2444; x_wconf 90' lang='lat' dir='ltr'><strong>nisi</strong></span> <span class='ocrx_word' id='word_1_165' title='bbox 1333 2384 1394 2442; x_wconf 88' lang='lat' dir='ltr'><strong>tan·</strong></span> 
     </span>
     <span class='ocr_line' id='line_1_21' title="bbox 198 2474 1428 2573; baseline 0.002 -23"><span class='ocrx_word' id='word_1_166' title='bbox 198 2484 207 2509; x_wconf 85' lang='grc'><em>”</em></span> <span class='ocrx_word' id='word_1_167' title='bbox 234 2486 308 2551; x_wconf 90' lang='lat' dir='ltr'><strong>dem</strong></span> <span class='ocrx_word' id='word_1_168' title='bbox 331 2485 472 2569; x_wconf 87' lang='lat' dir='ltr'><strong>desines,</strong></span> <span class='ocrx_word' id='word_1_169' title='bbox 500 2474 743 2573; x_wconf 77' lang='lat' dir='ltr'><strong>magistratibus</strong></span> <span class='ocrx_word' id='word_1_170' title='bbox 763 2496 796 2555; x_wconf 90' lang='lat' dir='ltr'><strong>te</strong></span> <span class='ocrx_word' id='word_1_171' title='bbox 818 2495 1003 2555; x_wconf 85' lang='lat' dir='ltr'><strong>constanter</strong></span> <span class='ocrx_word' id='word_1_172' title='bbox 1024 2481 1181 2555; x_wconf 71' lang='lat' dir='ltr'><strong>obiciam?</strong></span> <span class='ocrx_word' id='word_1_173' title='bbox 1218 2494 1249 2553; x_wconf 91' lang='lat' dir='ltr'><strong>et</strong></span> <span class='ocrx_word' id='word_1_174' title='bbox 1272 2489 1393 2554; x_wconf 89' lang='lat' dir='ltr'><strong>uerbum</strong></span> <span class='ocrx_word' id='word_1_175' title='bbox 1407 2498 1428 2545; x_wconf 76' lang='lat' dir='ltr'><strong>ll</strong></span> 
     </span>
     <span class='ocr_line' id='line_1_22' title="bbox 234 2597 1392 2686; baseline 0.002 -25"><span class='ocrx_word' id='word_1_176' title='bbox 234 2597 316 2662; x_wconf 87' lang='lat' dir='ltr'><strong>iacto</strong></span> <span class='ocrx_word' id='word_1_177' title='bbox 339 2606 466 2665; x_wconf 88' lang='lat' dir='ltr'><strong>secutus</strong></span> <span class='ocrx_word' id='word_1_178' title='bbox 495 2600 641 2667; x_wconf 90' lang='lat' dir='ltr'><strong>immissa</strong></span> <span class='ocrx_word' id='word_1_179' title='bbox 669 2620 767 2665; x_wconf 90' lang='lat' dir='ltr'><strong>manu</strong></span> <span class='ocrx_word' id='word_1_180' title='bbox 796 2606 954 2666; x_wconf 89' lang='lat' dir='ltr'><strong>scrutatus</strong></span> <span class='ocrx_word' id='word_1_181' title='bbox 976 2619 995 2665; x_wconf 93' lang='lat' dir='ltr'><strong>e</strong></span> <span class='ocrx_word' id='word_1_182' title='bbox 1018 2599 1133 2666; x_wconf 91' lang='lat' dir='ltr'><strong>mediis</strong></span> <span class='ocrx_word' id='word_1_183' title='bbox 1161 2600 1293 2686; x_wconf 91' lang='lat' dir='ltr'><strong>papillis</strong></span> <span class='ocrx_word' id='word_1_184' title='bbox 1322 2599 1392 2663; x_wconf 87' lang='lat' dir='ltr'><strong>meis</strong></span> 
     </span>
     <span class='ocr_line' id='line_1_23' title="bbox 234 2707 1391 2795; baseline -0.001 -23"><span class='ocrx_word' id='word_1_185' title='bbox 234 2707 296 2772; x_wconf 84' lang='lat' dir='ltr'><strong>ianr</strong></span> <span class='ocrx_word' id='word_1_186' title='bbox 314 2710 448 2792; x_wconf 90' lang='lat' dir='ltr'><strong>capillos</strong></span> <span class='ocrx_word' id='word_1_187' title='bbox 471 2708 675 2775; x_wconf 87' lang='lat' dir='ltr'><strong>absconditos</strong></span> <span class='ocrx_word' id='word_1_188' title='bbox 690 2710 792 2776; x_wconf 86' lang='lat' dir='ltr'><strong>iratus</strong></span> <span class='ocrx_word' id='word_1_189' title='bbox 814 2709 964 2794; x_wconf 87' lang='lat' dir='ltr'><strong>abripuit.</strong></span> <span class='ocrx_word' id='word_1_190' title='bbox 1002 2730 1064 2793; x_wconf 90' lang='lat' dir='ltr'><strong>quo</strong></span> <span class='ocrx_word' id='word_1_191' title='bbox 1079 2717 1171 2795; x_wconf 82' lang='lat' dir='ltr'><strong>gesto</strong></span> <span class='ocrx_word' id='word_1_192' title='bbox 1192 2712 1331 2793; x_wconf 84' lang='lat' dir='ltr'><strong>grauiter</strong></span> <span class='ocrx_word' id='word_1_193' title='bbox 1344 2707 1391 2772; x_wconf 90' lang='lat' dir='ltr'><strong>ad·</strong></span> 
     </span>
     <span class='ocr_line' id='line_1_24' title="bbox 216 2810 1391 2905; baseline 0.003 -24"><span class='ocrx_word' id='word_1_194' title='bbox 216 2810 316 2882; x_wconf 66' lang='lat' dir='ltr'><strong>vfecta</strong></span> <span class='ocrx_word' id='word_1_195' title='bbox 338 2839 524 2904; x_wconf 89' lang='lat' dir='ltr'><strong>mecumque</strong></span> <span class='ocrx_word' id='word_1_196' title='bbox 556 2828 710 2905; x_wconf 87' lang='lat' dir='ltr'><strong>reputans</strong></span> <span class='ocrx_word' id='word_1_197' title='bbox 743 2820 893 2886; x_wconf 89' lang='lat' dir='ltr'><strong>dominae</strong></span> <span class='ocrx_word' id='word_1_198' title='bbox 921 2841 1011 2885; x_wconf 88' lang='lat' dir='ltr'><strong>meae</strong></span> <span class='ocrx_word' id='word_1_199' title='bbox 1044 2841 1165 2902; x_wconf 89' lang='lat' dir='ltr'><strong>mores,</strong></span> <span class='ocrx_word' id='word_1_200' title='bbox 1193 2820 1280 2905; x_wconf 86' lang='lat' dir='ltr'><strong>quod</strong></span> <span class='ocrx_word' id='word_1_201' title='bbox 1308 2821 1391 2885; x_wconf 87' lang='lat' dir='ltr'><strong>huius</strong></span> 
     </span>
     <span class='ocr_line' id='line_1_25' title="bbox 233 2927 1446 3015; baseline 0.002 -24"><span class='ocrx_word' id='word_1_202' title='bbox 233 2927 319 2993; x_wconf 90' lang='lat' dir='ltr'><strong>modi</strong></span> <span class='ocrx_word' id='word_1_203' title='bbox 341 2931 473 3015; x_wconf 89' lang='lat' dir='ltr'><strong>repulsa</strong></span> <span class='ocrx_word' id='word_1_204' title='bbox 495 2930 574 2997; x_wconf 89' lang='lat' dir='ltr'><strong>satis</strong></span> <span class='ocrx_word' id='word_1_205' title='bbox 597 2931 712 2996; x_wconf 90' lang='lat' dir='ltr'><strong>aeriter</strong></span> <span class='ocrx_word' id='word_1_206' title='bbox 734 2932 928 2995; x_wconf 89' lang='lat' dir='ltr'><strong>commoueri</strong></span> <span class='ocrx_word' id='word_1_207' title='bbox 951 2950 1065 3013; x_wconf 86' lang='lat' dir='ltr'><strong>meque</strong></span> <span class='ocrx_word' id='word_1_208' title='bbox 1087 2930 1260 2996; x_wconf 89' lang='lat' dir='ltr'><strong>uerberare</strong></span> <span class='ocrx_word' id='word_1_209' title='bbox 1282 2931 1389 2998; x_wconf 88' lang='lat' dir='ltr'><strong>saenis·</strong></span> <span class='ocrx_word' id='word_1_210' title='bbox 1445 2989 1446 2994; x_wconf 74' lang='grc'>,</span> 
     </span>
     <span class='ocr_line' id='line_1_26' title="bbox 233 3037 1426 3124; baseline -0.001 -21"><span class='ocrx_word' id='word_1_211' title='bbox 233 3037 312 3103; x_wconf 89' lang='lat' dir='ltr'><strong>sime</strong></span> <span class='ocrx_word' id='word_1_212' title='bbox 335 3042 511 3123; x_wconf 89' lang='lat' dir='ltr'><strong>consueuit,</strong></span> <span class='ocrx_word' id='word_1_213' title='bbox 536 3041 601 3105; x_wconf 87' lang='lat' dir='ltr'><strong>iam</strong></span> <span class='ocrx_word' id='word_1_214' title='bbox 623 3041 664 3107; x_wconf 89' lang='lat' dir='ltr'><strong>de</strong></span> <span class='ocrx_word' id='word_1_215' title='bbox 687 3042 763 3124; x_wconf 83' lang='lat' dir='ltr'><strong>tuga</strong></span> <span class='ocrx_word' id='word_1_216' title='bbox 786 3041 954 3107; x_wconf 90' lang='lat' dir='ltr'><strong>consilium</strong></span> <span class='ocrx_word' id='word_1_217' title='bbox 976 3042 1127 3106; x_wconf 87' lang='lat' dir='ltr'><strong>tenebam</strong></span> <span class='ocrx_word' id='word_1_218' title='bbox 1150 3040 1208 3106; x_wconf 89' lang='lat' dir='ltr'><strong>sed</strong></span> <span class='ocrx_word' id='word_1_219' title='bbox 1229 3041 1314 3108; x_wconf 88' lang='lat' dir='ltr'><strong>istud</strong></span> <span class='ocrx_word' id='word_1_220' title='bbox 1333 3040 1390 3124; x_wconf 86' lang='lat' dir='ltr'><strong>qui·</strong></span> <span class='ocrx_word' id='word_1_221' title='bbox 1404 3043 1426 3092; x_wconf 69' lang='lat' dir='ltr'><strong>li</strong></span> 
     </span>
     <span class='ocr_line' id='line_1_27' title="bbox 232 3148 934 3243; baseline 0.003 -30"><span class='ocrx_word' id='word_1_222' title='bbox 232 3148 305 3214; x_wconf 89' lang='lat' dir='ltr'><strong>dem</strong></span> <span class='ocrx_word' id='word_1_223' title='bbox 327 3150 374 3214; x_wconf 91' lang='lat' dir='ltr'><strong>tui</strong></span> <span class='ocrx_word' id='word_1_224' title='bbox 398 3152 666 3235; x_wconf 86' lang='lat' dir='ltr'><strong>contemplatione</strong></span> <span class='ocrx_word' id='word_1_225' title='bbox 689 3152 794 3217; x_wconf 89' lang='lat' dir='ltr'><strong>abieci</strong></span> <span class='ocrx_word' id='word_1_226' title='bbox 817 3152 934 3243; x_wconf 85' lang='lat' dir='ltr'><strong>statim.</strong></span> 
     </span>
     <span class='ocr_line' id='line_1_28' title="bbox 117 3259 1387 3346; baseline -0.001 -23"><span class='ocrx_word' id='word_1_227' title='bbox 117 3260 209 3324; x_wconf 88' lang='lat' dir='ltr'>XVII</span> <span class='ocrx_word' id='word_1_228' title='bbox 316 3259 433 3325; x_wconf 89' lang='lat' dir='ltr'><strong>Verum</strong></span> <span class='ocrx_word' id='word_1_229' title='bbox 457 3280 527 3324; x_wconf 89' lang='lat' dir='ltr'><strong>cum</strong></span> <span class='ocrx_word' id='word_1_230' title='bbox 542 3262 645 3328; x_wconf 87' lang='lat' dir='ltr'><strong>tristis</strong></span> <span class='ocrx_word' id='word_1_231' title='bbox 668 3260 744 3326; x_wconf 92' lang='lat' dir='ltr'><strong>inde</strong></span> <span class='ocrx_word' id='word_1_232' title='bbox 760 3260 969 3343; x_wconf 86' lang='lat' dir='ltr'><strong>discederem,</strong></span> <span class='ocrx_word' id='word_1_233' title='bbox 993 3281 1034 3326; x_wconf 91' lang='lat' dir='ltr'><strong>ne</strong></span> <span class='ocrx_word' id='word_1_234' title='bbox 1056 3281 1188 3346; x_wconf 88' lang='lat' dir='ltr'><strong>prorsus</strong></span> <span class='ocrx_word' id='word_1_235' title='bbox 1202 3263 1313 3327; x_wconf 89' lang='lat' dir='ltr'><strong>uacuis</strong></span> <span class='ocrx_word' id='word_1_236' title='bbox 1333 3279 1387 3325; x_wconf 88' lang='lat' dir='ltr'><strong>ma-</strong></span> 
     </span>
    </p>
   </div>
   <div class='ocr_carea' id='block_1_3' title="bbox 300 3420 1387 3492">
    <p class='ocr_par' dir='ltr' id='par_1_3' title="bbox 300 3420 1387 3492">
     <span class='ocr_line' id='line_1_29' title="bbox 300 3420 1387 3492; baseline 0.003 -21"><span class='ocrx_word' id='word_1_237' title='bbox 300 3424 315 3471; x_wconf 78' lang='lat'>2</span> <span class='ocrx_word' id='word_1_238' title='bbox 334 3449 344 3469; x_wconf 61' lang='lat' dir='ltr'><strong>s</strong></span> <span class='ocrx_word' id='word_1_239' title='bbox 361 3433 406 3487; x_wconf 75' lang='lat' dir='ltr'><strong>erc</strong></span> <span class='ocrx_word' id='word_1_240' title='bbox 425 3420 535 3483; x_wconf 76' lang='lat' dir='ltr'><strong>(ireres.</strong></span> <span class='ocrx_word' id='word_1_241' title='bbox 553 3437 608 3474; x_wconf 82' lang='lat' dir='ltr'><strong>aaa</strong></span> <span class='ocrx_word' id='word_1_242' title='bbox 625 3422 682 3491; x_wconf 78' lang='lat' dir='ltr'><strong>suit</strong></span> <span class='ocrx_word' id='word_1_243' title='bbox 699 3420 728 3479; x_wconf 82' lang='lat' dir='ltr'><strong>ht</strong></span> <span class='ocrx_word' id='word_1_244' title='bbox 748 3420 780 3484; x_wconf 91' lang='lat' dir='ltr'><strong>F,</strong></span> <span class='ocrx_word' id='word_1_245' title='bbox 798 3421 899 3489; x_wconf 81' lang='lat' dir='ltr'><strong>herep</strong></span> <span class='ocrx_word' id='word_1_246' title='bbox 986 3424 1003 3472; x_wconf 86' lang='grc'>4</span> <span class='ocrx_word' id='word_1_247' title='bbox 1020 3425 1106 3473; x_wconf 80' lang='lat' dir='ltr'><strong>utitur</strong></span> <span class='ocrx_word' id='word_1_248' title='bbox 1123 3420 1164 3473; x_wconf 87' lang='lat' dir='ltr'><strong>ed.</strong></span> <span class='ocrx_word' id='word_1_249' title='bbox 1176 3423 1310 3492; x_wconf 68' lang='lat' dir='ltr'><strong>princeps</strong></span> <span class='ocrx_word' id='word_1_250' title='bbox 1376 3422 1387 3469; x_wconf 81' lang='lat' dir='ltr'><strong>t</strong></span> 
     </span>
    </p>
   </div>
   <div class='ocr_carea' id='block_1_4' title="bbox 233 3498 1386 3702">
    <p class='ocr_par' dir='ltr' id='par_1_4' title="bbox 233 3498 1386 3702">
     <span class='ocr_line' id='line_1_30' title="bbox 233 3498 1386 3611; baseline 0 -21"><span class='ocrx_word' id='word_1_251' title='bbox 233 3498 322 3591; x_wconf 64' lang='lat' dir='ltr'><strong>crima</strong></span> <span class='ocrx_word' id='word_1_252' title='bbox 339 3537 371 3602; x_wconf 88' lang='lat' dir='ltr'><strong>F,</strong></span> <span class='ocrx_word' id='word_1_253' title='bbox 390 3538 495 3592; x_wconf 63' lang='lat' dir='ltr'><strong>crebne</strong></span> <span class='ocrx_word' id='word_1_254' title='bbox 513 3559 532 3608; x_wconf 78' lang='grc' dir='ltr'><em>φ</em></span> <span class='ocrx_word' id='word_1_255' title='bbox 620 3543 634 3591; x_wconf 82' lang='lat' dir='ltr'><strong>t</strong></span> <span class='ocrx_word' id='word_1_256' title='bbox 653 3535 763 3593; x_wconf 82' lang='lat' dir='ltr'><strong>boeotrir</strong></span> <span class='ocrx_word' id='word_1_257' title='bbox 780 3540 812 3605; x_wconf 90' lang='lat' dir='ltr'><strong>F,</strong></span> <span class='ocrx_word' id='word_1_258' title='bbox 829 3534 958 3607; x_wconf 77' lang='lat' dir='ltr'><strong>boetrirp</strong></span> <span class='ocrx_word' id='word_1_259' title='bbox 1041 3542 1056 3591; x_wconf 87' lang='lat'><strong>9</strong></span> <span class='ocrx_word' id='word_1_260' title='bbox 1074 3539 1139 3592; x_wconf 82' lang='lat' dir='ltr'><strong>meri</strong></span> <span class='ocrx_word' id='word_1_261' title='bbox 1153 3538 1195 3592; x_wconf 87' lang='lat' dir='ltr'><strong>lui</strong></span> <span class='ocrx_word' id='word_1_262' title='bbox 1211 3539 1269 3600; x_wconf 82' lang='lat' dir='ltr'><strong>(sed</strong></span> <span class='ocrx_word' id='word_1_263' title='bbox 1280 3541 1386 3611; x_wconf 77' lang='lat' dir='ltr'><strong>priorem</strong></span> 
     </span>
     <span class='ocr_line' id='line_1_31' title="bbox 234 3630 1386 3702; baseline 0.003 -20"><span class='ocrx_word' id='word_1_264' title='bbox 234 3631 246 3682; x_wconf 80' lang='lat' dir='ltr'><strong>t</strong></span> <span class='ocrx_word' id='word_1_265' title='bbox 262 3630 324 3684; x_wconf 86' lang='lat' dir='ltr'><strong>add.</strong></span> <span class='ocrx_word' id='word_1_266' title='bbox 343 3648 440 3685; x_wconf 81' lang='lat' dir='ltr'><strong>menes</strong></span> <span class='ocrx_word' id='word_1_267' title='bbox 456 3634 598 3697; x_wconf 83' lang='lat' dir='ltr'><strong>recentior,</strong></span> <span class='ocrx_word' id='word_1_268' title='bbox 617 3633 635 3685; x_wconf 95' lang='lat' dir='ltr'>h</span> <span class='ocrx_word' id='word_1_269' title='bbox 653 3635 765 3698; x_wconf 81' lang='lat' dir='ltr'><strong>ireres.)</strong></span> <span class='ocrx_word' id='word_1_270' title='bbox 785 3653 820 3702; x_wconf 77' lang='lat' dir='ltr'><strong>p:</strong></span> <span class='ocrx_word' id='word_1_271' title='bbox 838 3648 890 3686; x_wconf 88' lang='lat' dir='ltr'><strong>mer</strong></span> <span class='ocrx_word' id='word_1_272' title='bbox 904 3633 926 3684; x_wconf 81' lang='lat' dir='ltr'><strong>tr</strong></span> <span class='ocrx_word' id='word_1_273' title='bbox 942 3631 965 3685; x_wconf 83' lang='lat' dir='ltr'><strong>ri</strong></span> <span class='ocrx_word' id='word_1_274' title='bbox 979 3632 1008 3685; x_wconf 95' lang='lat' dir='ltr'><strong>F</strong></span> <span class='ocrx_word' id='word_1_275' title='bbox 1092 3637 1122 3685; x_wconf 82' lang='lat'><strong>13</strong></span> <span class='ocrx_word' id='word_1_276' title='bbox 1141 3632 1313 3686; x_wconf 85' lang='lat' dir='ltr'><strong>ualnerloate</strong></span> <span class='ocrx_word' id='word_1_277' title='bbox 1328 3647 1386 3686; x_wconf 81' lang='lat' dir='ltr'><strong>corr·</strong></span> 
     </span>
    </p>
   </div>
   <div class='ocr_carea' id='block_1_5' title="bbox 231 3723 1386 3844">
    <p class='ocr_par' dir='ltr' id='par_1_5' title="bbox 231 3723 1386 3844">
     <span class='ocr_line' id='line_1_32' title="bbox 231 3723 1386 3796; baseline -0.004 -20"><span class='ocrx_word' id='word_1_278' title='bbox 231 3723 367 3777; x_wconf 81' lang='lat' dir='ltr'><strong>secundae</strong></span> <span class='ocrx_word' id='word_1_279' title='bbox 384 3741 481 3779; x_wconf 83' lang='lat' dir='ltr'><strong>meaos</strong></span> <span class='ocrx_word' id='word_1_280' title='bbox 498 3727 528 3789; x_wconf 89' lang='lat' dir='ltr'><strong>F,</strong></span> <span class='ocrx_word' id='word_1_281' title='bbox 547 3725 651 3780; x_wconf 81' lang='lat' dir='ltr'><strong>balneis</strong></span> <span class='ocrx_word' id='word_1_282' title='bbox 672 3748 690 3796; x_wconf 78' lang='lat' dir='ltr'><strong>p</strong></span> <span class='ocrx_word' id='word_1_283' title='bbox 780 3732 810 3781; x_wconf 79' lang='lat'><strong>15</strong></span> <span class='ocrx_word' id='word_1_284' title='bbox 828 3726 930 3780; x_wconf 84' lang='lat' dir='ltr'><strong>hurnrdr</strong></span> <span class='ocrx_word' id='word_1_285' title='bbox 954 3726 1079 3779; x_wconf 80' lang='lat' dir='ltr'><strong>iacebant</strong></span> <span class='ocrx_word' id='word_1_286' title='bbox 1103 3734 1131 3784; x_wconf 84' lang='lat' dir='ltr'><strong>te</strong></span> <span class='ocrx_word' id='word_1_287' title='bbox 1152 3727 1303 3779; x_wconf 81' lang='lat' dir='ltr'><strong>recentiore</strong></span> <span class='ocrx_word' id='word_1_288' title='bbox 1318 3731 1386 3776; x_wconf 78' lang='lat' dir='ltr'><strong>merae</strong></span> 
     </span>
     <span class='ocr_line' id='line_1_33' title="bbox 1120 3808 1139 3844; baseline 0 0"><span class='ocrx_word' id='word_1_289' title='bbox 1120 3808 1139 3844; x_wconf 83' lang='grc' dir='ltr'><strong>τ</strong></span> 
     </span>
    </p>
   </div>
   <div class='ocr_carea' id='block_1_6' title="bbox 231 3852 1401 4121">
    <p class='ocr_par' dir='ltr' id='par_1_6' title="bbox 231 3852 1401 4121">
     <span class='ocr_line' id='line_1_34' title="bbox 232 3852 1386 3930; baseline -0.003 -18"><span class='ocrx_word' id='word_1_290' title='bbox 232 3852 358 3913; x_wconf 77' lang='lat' dir='ltr'><strong>distinete</strong></span> <span class='ocrx_word' id='word_1_291' title='bbox 375 3862 449 3914; x_wconf 89' lang='lat' dir='ltr'><strong>hurnr</strong></span> <span class='ocrx_word' id='word_1_292' title='bbox 467 3861 669 3926; x_wconf 84' lang='lat' dir='ltr'><strong>duacebanttF,</strong></span> <span class='ocrx_word' id='word_1_293' title='bbox 688 3864 764 3916; x_wconf 79' lang='lat' dir='ltr'><strong>humi</strong></span> <span class='ocrx_word' id='word_1_294' title='bbox 774 3863 900 3917; x_wconf 79' lang='lat' dir='ltr'><strong>iacebant</strong></span> <span class='ocrx_word' id='word_1_295' title='bbox 918 3883 936 3930; x_wconf 78' lang='lat' dir='ltr'><strong>p</strong></span> <span class='ocrx_word' id='word_1_296' title='bbox 1006 3866 1137 3930; x_wconf 75' lang='lat' dir='ltr'><strong>perpetem</strong></span> <span class='ocrx_word' id='word_1_297' title='bbox 1154 3877 1164 3898; x_wconf 59' lang='lat' dir='ltr'><strong>r</strong></span> <span class='ocrx_word' id='word_1_298' title='bbox 1183 3871 1210 3914; x_wconf 73' lang='lat' dir='ltr'><strong>tu</strong></span> <span class='ocrx_word' id='word_1_299' title='bbox 1227 3860 1291 3914; x_wconf 83' lang='lat' dir='ltr'><strong>add.</strong></span> <span class='ocrx_word' id='word_1_300' title='bbox 1305 3870 1386 3913; x_wconf 73' lang='lat' dir='ltr'><strong>moram</strong></span> 
     </span>
     <span class='ocr_line' id='line_1_35' title="bbox 231 3948 1401 4026; baseline -0.003 -21"><span class='ocrx_word' id='word_1_301' title='bbox 231 3954 365 4008; x_wconf 82' lang='lat' dir='ltr'><strong>recentior</strong></span> <span class='ocrx_word' id='word_1_302' title='bbox 371 3973 382 4017; x_wconf 89' lang='lat'><em>;</em></span> <span class='ocrx_word' id='word_1_303' title='bbox 400 3956 429 4007; x_wconf 85' lang='lat' dir='ltr'><strong>r&#39;a</strong></span> <span class='ocrx_word' id='word_1_304' title='bbox 445 3970 501 4007; x_wconf 82' lang='lat' dir='ltr'><strong>ros.</strong></span> <span class='ocrx_word' id='word_1_305' title='bbox 517 3960 608 4024; x_wconf 82' lang='lat' dir='ltr'><strong>potest</strong></span> <span class='ocrx_word' id='word_1_306' title='bbox 623 3955 712 4025; x_wconf 78' lang='lat' dir='ltr'><strong>fuisse</strong></span> <span class='ocrx_word' id='word_1_307' title='bbox 731 3958 751 4014; x_wconf 73' lang='lat' dir='ltr'><strong>tr</strong></span> <span class='ocrx_word' id='word_1_308' title='bbox 769 3957 800 4021; x_wconf 88' lang='lat' dir='ltr'><strong>F,</strong></span> <span class='ocrx_word' id='word_1_309' title='bbox 818 3962 998 4026; x_wconf 80' lang='lat' dir='ltr'><strong>perprtaurtp</strong></span> <span class='ocrx_word' id='word_1_310' title='bbox 1073 3958 1106 4007; x_wconf 82' lang='lat'><strong>20</strong></span> <span class='ocrx_word' id='word_1_311' title='bbox 1125 3952 1219 4007; x_wconf 56' lang='lat' dir='ltr'><strong>citant</strong></span> <span class='ocrx_word' id='word_1_312' title='bbox 1237 3955 1289 4023; x_wconf 81' lang='lat' dir='ltr'><strong>Fp,</strong></span> <span class='ocrx_word' id='word_1_313' title='bbox 1305 3948 1401 4007; x_wconf 56' lang='lat' dir='ltr'><strong>incon?</strong></span> 
     </span>
     <span class='ocr_line' id='line_1_36' title="bbox 232 4044 1382 4121; baseline -0.003 -22"><span class='ocrx_word' id='word_1_314' title='bbox 232 4046 332 4099; x_wconf 76' lang='lat' dir='ltr'><strong>stanter</strong></span> <span class='ocrx_word' id='word_1_315' title='bbox 349 4048 464 4102; x_wconf 73' lang='lat' dir='ltr'><strong>coniecit</strong></span> <span class='ocrx_word' id='word_1_316' title='bbox 486 4047 641 4101; x_wconf 81' lang='lat' dir='ltr'><strong>Beroaldus</strong></span> <span class='ocrx_word' id='word_1_317' title='bbox 738 4054 768 4103; x_wconf 77' lang='lat'><strong>21</strong></span> <span class='ocrx_word' id='word_1_318' title='bbox 784 4053 867 4121; x_wconf 79' lang='lat' dir='ltr'><strong>prior</strong></span> <span class='ocrx_word' id='word_1_319' title='bbox 891 4051 947 4103; x_wconf 75' lang='lat' dir='ltr'><strong>ren</strong></span> <span class='ocrx_word' id='word_1_320' title='bbox 964 4048 1077 4101; x_wconf 86' lang='lat' dir='ltr'><strong>nnmrlla</strong></span> <span class='ocrx_word' id='word_1_321' title='bbox 1103 4065 1120 4100; x_wconf 87' lang='lat' dir='ltr'><strong>e</strong></span> <span class='ocrx_word' id='word_1_322' title='bbox 1143 4052 1243 4102; x_wconf 80' lang='lat' dir='ltr'><strong>recent.</strong></span> <span class='ocrx_word' id='word_1_323' title='bbox 1266 4062 1342 4101; x_wconf 84' lang='lat' dir='ltr'><strong>meae</strong></span> <span class='ocrx_word' id='word_1_324' title='bbox 1362 4044 1382 4096; x_wconf 85' lang='lat' dir='ltr'><strong>iu</strong></span> 
     </span>
    </p>
   </div>
   <div class='ocr_carea' id='block_1_7' title="bbox 230 4131 1385 4238">
    <p class='ocr_par' dir='ltr' id='par_1_7' title="bbox 230 4131 1385 4238">
     <span class='ocr_line' id='line_1_37' title="bbox 230 4131 1385 4238; baseline -0.003 -21"><span class='ocrx_word' id='word_1_325' title='bbox 230 4182 330 4219; x_wconf 76' lang='lat' dir='ltr'><strong>resero</strong></span> <span class='ocrx_word' id='word_1_326' title='bbox 347 4168 452 4238; x_wconf 60' lang='lat' dir='ltr'><strong>empta</strong></span> <span class='ocrx_word' id='word_1_327' title='bbox 469 4169 498 4220; x_wconf 82' lang='lat' dir='ltr'><strong>ic</strong></span> <span class='ocrx_word' id='word_1_328' title='bbox 515 4168 548 4232; x_wconf 92' lang='lat' dir='ltr'><strong>F,</strong></span> <span class='ocrx_word' id='word_1_329' title='bbox 567 4165 689 4237; x_wconf 79' lang='lat' dir='ltr'><strong>imrtiap</strong></span> <span class='ocrx_word' id='word_1_330' title='bbox 770 4131 854 4223; x_wconf 71' lang='lat' dir='ltr'><strong>medii</strong></span> <span class='ocrx_word' id='word_1_331' title='bbox 869 4180 888 4224; x_wconf 86' lang='lat' dir='ltr'><strong>tr</strong></span> <span class='ocrx_word' id='word_1_332' title='bbox 904 4168 967 4222; x_wconf 87' lang='lat' dir='ltr'><strong>edd.</strong></span> <span class='ocrx_word' id='word_1_333' title='bbox 985 4182 1084 4221; x_wconf 79' lang='lat' dir='ltr'><strong>merrus</strong></span> <span class='ocrx_word' id='word_1_334' title='bbox 1099 4170 1242 4229; x_wconf 73' lang='lat' dir='ltr'><strong>recentiori</strong></span> <span class='ocrx_word' id='word_1_335' title='bbox 1259 4166 1291 4230; x_wconf 81' lang='lat' dir='ltr'><strong>F,</strong></span> <span class='ocrx_word' id='word_1_336' title='bbox 1308 4161 1385 4219; x_wconf 86' lang='lat' dir='ltr'><strong>medni</strong></span> 
     </span>
    </p>
   </div>
   <div class='ocr_carea' id='block_1_8' title="bbox 232 4248 1385 4449">
    <p class='ocr_par' dir='ltr' id='par_1_8' title="bbox 232 4248 1385 4449">
     <span class='ocr_line' id='line_1_38' title="bbox 233 4248 1385 4358; baseline -0.004 -20"><span class='ocrx_word' id='word_1_337' title='bbox 233 4305 252 4352; x_wconf 76' lang='lat' dir='ltr'><strong>p</strong></span> <span class='ocrx_word' id='word_1_338' title='bbox 322 4283 687 4357; x_wconf 72' lang='lat' dir='ltr'><strong>anarrrpthp‚abr1lprt</strong></span> <span class='ocrx_word' id='word_1_339' title='bbox 713 4287 776 4345; x_wconf 87' lang='lat' dir='ltr'><strong>edd.</strong></span> <span class='ocrx_word' id='word_1_340' title='bbox 803 4288 830 4340; x_wconf 81' lang='lat' dir='ltr'><strong>te</strong></span> <span class='ocrx_word' id='word_1_341' title='bbox 857 4304 943 4358; x_wconf 78' lang='lat' dir='ltr'><strong>ararp.</strong></span> <span class='ocrx_word' id='word_1_342' title='bbox 962 4286 990 4340; x_wconf 88' lang='lat' dir='ltr'><strong>F</strong></span> <span class='ocrx_word' id='word_1_343' title='bbox 1070 4290 1103 4339; x_wconf 76' lang='lat'><strong>23</strong></span> <span class='ocrx_word' id='word_1_344' title='bbox 1121 4248 1229 4346; x_wconf 46' lang='lat' dir='ltr'><strong>hurinodr</strong></span> <span class='ocrx_word' id='word_1_345' title='bbox 1259 4299 1309 4346; x_wconf 78' lang='lat' dir='ltr'><strong>tmo</strong></span> <span class='ocrx_word' id='word_1_346' title='bbox 1335 4279 1385 4336; x_wconf 84' lang='lat' dir='ltr'><strong>edd.</strong></span> 
     </span>
     <span class='ocr_line' id='line_1_39' title="bbox 232 4374 1085 4449; baseline 0.005 -20"><span class='ocrx_word' id='word_1_347' title='bbox 232 4384 387 4443; x_wconf 77' lang='lat' dir='ltr'><strong>moraree.)</strong></span> <span class='ocrx_word' id='word_1_348' title='bbox 407 4378 437 4443; x_wconf 87' lang='lat' dir='ltr'><strong>F,</strong></span> <span class='ocrx_word' id='word_1_349' title='bbox 456 4378 614 4447; x_wconf 77' lang='lat' dir='ltr'><strong>hurutdtp</strong></span> <span class='ocrx_word' id='word_1_350' title='bbox 702 4385 734 4435; x_wconf 78' lang='lat'><strong>26</strong></span> <span class='ocrx_word' id='word_1_351' title='bbox 752 4387 792 4434; x_wconf 84' lang='lat' dir='ltr'><strong>tur</strong></span> <span class='ocrx_word' id='word_1_352' title='bbox 811 4374 815 4442; x_wconf 96' lang='grc' dir='ltr'>Ι</span> <span class='ocrx_word' id='word_1_353' title='bbox 835 4380 984 4445; x_wconf 85' lang='lat' dir='ltr'><strong>turF,tu1</strong></span> <span class='ocrx_word' id='word_1_354' title='bbox 1000 4385 1085 4449; x_wconf 66' lang='lat' dir='ltr'><strong>turp</strong></span> 
     </span>
    </p>
   </div>
   <div class='ocr_carea' id='block_1_9' title="bbox 0 0 1472 4900">
    <p class='ocr_par' dir='ltr' id='par_1_9' title="bbox 0 0 1472 4900">
     <span class='ocr_line' id='line_1_40' title="bbox 0 0 1472 4900; baseline 0 4"><span class='ocrx_word' id='word_1_355' title='bbox 0 0 1472 4900; x_wconf 95' lang='lat' dir='ltr'><strong> </strong></span> 
     </span>
    </p>
   </div>
  </div>
 </body>
</html>
