2934 4900
591 235 796 283 cnr.1·—1111
855 294 857 301 Α
1204 222 1262 284 183
1358 278 1361 285 „

101 394 132 451 et
155 376 244 450 illam
255 384 418 451 fluctuare*
430 391 552 451 tantum
567 387 742 471 uaporibus
757 387 901 473 febrium,
917 389 981 454 nisi
997 386 1082 472 quod
1105 395 1135 453 et
1155 388 1262 455 fiebat.

99 496 163 561 hen
186 494 380 561 medicorum
402 498 536 580 ignarae
557 500 697 564 mentes!
734 497 812 582 quid
840 516 942 563 uenae
964 499 1092 583 pulsus,
1116 498 1192 581 quid
1214 518 1264 563 ca·

96 608 174 673 loris
196 606 459 689 intemperantia,
493 606 571 690 quid
597 608 752 691 fatigatus
774 607 936 674 anhelitus
959 616 990 673 ct
1011 608 1263 693 utrimquesecus

98 717 237 781 iactatae
251 716 406 782 crebriter
419 718 556 782 laterum
571 723 700 783 mutuae
716 718 982 785 moissitudines‘?
1006 718 1039 783 di
1053 720 1144 785 boni!
1168 740 1261 804 quam

61 827 201 896 claellis
222 826 297 891 licet
318 846 384 892 uon
416 827 530 894 artifici
565 827 704 910 medico,
733 828 837 894 cuiuis
859 835 967 894 tamen
989 827 1081 894 docto
1104 828 1262 895 Veneriae

95 937 257 1021 cupidinis
280 936 524 1020 comprehensio
546 957 617 1002 oum
641 937 755 1004 uideas
783 938 922 1022 aliquem
951 938 1021 1005 sine
1049 940 1190 1023 corporis
1213 957 1263 1003 ca-

94 1049 162 1112 lore
184 1047 384 1130 flagrantem.
428 1067 505 1130 ergo
533 1048 631 1131 igitur
657 1048 851 1133 inpatientia
878 1048 994 1115 luroris
1023 1049 1119 1115 altius
1142 1050 1263 1133 agitata
1284 1068 1332 1135 ΠΙ

95 1158 254 1223 diutinum
275 1156 544 1241 rupitsilentinm
566 1164 598 1224 et
612 1157 655 1223 ad
677 1178 713 1225 se
734 1151 844 1239 uocari
865 1159 1021 1243 praecipit
1042 1160 1152 1225 filium.
1176 1156 1265 1243 quod

93 1268 311 1348 nomenineo
333 1267 414 1351 ipso,
431 1266 545 1333 sedne
561 1268 686 1334 ruboris
704 1267 938 1352 admoneretur,
951 1268 1088 1335 libenter
1104 1268 1260 1335 eraderet.

47 1392 76 1439 ro
94 1395 154 1443 neu
176 1376 368 1443 adulescens
390 1396 507 1461 aegrae
529 1380 672 1463 parentis
703 1384 845 1443 moratus
874 1378 1058 1463 imperium,
1087 1379 1180 1446 senili
1208 1378 1261 1444 tri-

95 1488 183 1553 stitie
220 1488 366 1553 striatam
402 1506 518 1571 gerens
554 1488 689 1554 frontem
717 1488 897 1553 cubiculum
926 1490 1007 1573 petit
1028 1490 1136 1556 uxoris
1159 1488 1260 1573 patris

93 1598 269 1681 matrisque
298 1598 422 1681 fratris,
450 1604 620 1681 utcumque
650 1597 792 1663 debitum
815 1598 932 1665 sistens
955 1600 1154 1687 obsequium.
1200 1596 1260 1667 sed

91 1709 150 1773 illa
172 1707 339 1772 cruciabili
362 1709 490 1773 silentio
512 1707 692 1774 diutissime
714 1708 849 1791 fatigata
864 1715 895 1773 et
909 1716 943 1773 ut
965 1710 999 1773 in
1014 1707 1153 1793 quodam
1175 1707 1260 1774 uado

94 1818 306 1883 dubitationis
327 1818 466 1883 haerens
488 1838 582 1884 omne
604 1820 737 1883 uerbum
752 1819 838 1903 quod
860 1820 1025 1903 praesenti
1041 1820 1181 1885 sermoni
1201 1838 1260 1903 pu-

46 1929 183 1994 rotabat
205 1928 407 2012 aptissimum
430 1949 556 2008 rursum
578 1928 781 2013 improbans,
810 1934 944 1995 nutante
972 1930 1070 1995 etiam
1098 1948 1183 1994 nunc
1204 1950 1260 2014 pu·

92 2038 181 2121 dore,
204 2037 291 2103 unde
306 2038 507 2122 potissimum
522 2044 652 2122 caperet
666 2038 831 2104 exordium
847 2037 1063 2104 decunctatur.
1087 2046 1119 2104 at
1134 2040 1260 2105 iuuenis

90 2149 174 2214 nihil
197 2149 294 2213 etiam
316 2154 392 2213 tunc
413 2151 543 2233 sequius
565 2150 746 2234 suspicatus
762 2149 930 2215 summisso
953 2150 1043 2215 uultu
1065 2157 1156 2233 rogat
1177 2150 1259 2214 ultro

90 2260 275 2345 praesentis
296 2278 411 2325 causas
433 2258 654 2342 aegritudinis.
676 2267 752 2325 tunc
767 2260 823 2325 illa
838 2267 954 2325 nancta
976 2258 1158 2326 solitudinis
1174 2257 1260 2324 dam-

92 2390 207 2436 nosam
230 2369 430 2434 occasionem
457 2372 634 2455 prorumpit
663 2371 696 2433 in
719 2369 889 2435 audaciam
911 2376 943 2435 et
965 2369 1101 2435 ubertim
1124 2368 1260 2434 adlaeri-
1352 2348 1354 2358 Α

44 2493 73 2543 lo
91 2502 186 2548 mans
208 2481 391 2564 laciniaque
413 2489 586 2564 contegens
608 2481 723 2545 faciem
746 2498 824 2544 uoce
846 2479 973 2564 trepida
995 2480 1042 2546 sio
1063 2499 1135 2545 eum
1157 2480 1260 2544 breui-

88 2600 138 2658 ter
161 2590 291 2656 adfatur
327 2670 328 2675 ,
388 2605 390 2609 ’

173 2695 295 2766 ‘Causa
316 2699 420 2765 omnis
442 2707 475 2764 et
496 2701 585 2782 origo
608 2702 787 2785 praesentis
810 2701 929 2767 doloris
952 2706 983 2766 et
1006 2699 1101 2764 etiam
1133 2697 1260 2764 medela

89 2813 166 2896 ipsa
187 2818 218 2875 et
240 2811 329 2876 salus
351 2811 445 2874 unica
466 2807 544 2873 mihi
567 2817 633 2875 tute
662 2811 733 2894 ipse
755 2831 801 2877 es.
845 2810 900 2876 isti
922 2810 1007 2875 enim
1029 2809 1074 2873 tui
1097 2808 1179 2874 oculi
1202 2829 1259 2892 per

89 2942 183 2988 meos
201 2921 314 2986 'oculos
337 2919 379 2983 ad
400 2920 514 2985 intima
536 2918 662 3003 delapsi
684 2919 874 3004 praecordia
897 2919 978 2985 meis
1000 2918 1149 2984 medullis
1172 2937 1258 2984 acer-

41 3049 71 3099 15
90 3033 209 3096 timum
231 3035 431 3096 commouent
452 3029 643 3095 incendium.
667 3049 743 3113 ergo
758 3031 911 3095 miserere
933 3036 989 3094 tua
1004 3048 1103 3094 causa
1124 3047 1258 3112 pereun-

90 3143 131 3208 tis
157 3160 217 3206 nec
238 3141 404 3224 tereligio
426 3141 528 3224 patris
550 3140 680 3204 omnino
702 3139 870 3221 deterreat,
887 3139 938 3204 cui
959 3139 1146 3204 morituram
1168 3158 1256 3221 pror-

90 3272 149 3317 sus
172 3251 318 3316 seruabis
333 3270 475 3316 uxorem.
498 3250 586 3316 illius
601 3251 687 3315 enim
702 3268 932 3333 recognoscens
954 3249 1126 3331 imaginem
1148 3247 1182 3312 in
1204 3254 1260 3311 tua

88 3360 174 3425 faeie
197 3361 309 3424 merito
330 3367 362 3424 te
384 3359 493 3444 diligo.
516 3360 618 3426 babes
635 3360 817 3426 solitudinis
839 3362 968 3444 plenam
983 3358 1142 3442 fiduciam,
1157 3357 1259 3424 habes

89 3490 198 3555 capax
219 3469 395 3535 necessarii
417 3469 568 3536 facinoris
590 3471 697 3535 otium.
721 3490 795 3535 nam
812 3470 897 3555 quod
918 3489 1013 3535 nemo
1034 3469 1132 3552 nouit,
1155 3486 1259 3554 paene

40 3593 70 3644 30
88 3600 156 3646 non
177 3571 231 3643 fit?
269 3598 273 3601 ·
838 3577 840 3583 ’
1347 3569 1350 3576 “

174 3689 356 3772 Repentino
372 3691 456 3754 malo
472 3691 675 3774 perturbatus
696 3689 887 3757 adulescens
912 3709 1105 3775 quamquam
1128 3689 1192 3754 tale
1214 3689 1258 3754 fa·
1280 3688 1345 3752 IIII

89 3805 183 3868 ciuus
206 3801 353 3883 protinus
376 3799 603 3881 exhorruisset,
627 3808 814 3865 nontamen
828 3800 1010 3884 negationis
1033 3799 1259 3883 intempestiua

159 4069 306 4124 llaterum
323 4070 356 4139 f.-
374 4069 478 4123 lateron
495 4074 525 4120 ut
542 4067 596 4121 uid
615 4069 646 4133 F,
665 4031 772 4136 latcrdn
790 4088 810 4136 φ
880 4067 917 4121 dn
935 4067 963 4122 F
1049 4073 1064 4121 9
1082 4083 1111 4121 m
1129 4067 1174 4120 eol
1191 4066 1262 4134 rpiot

91 4163 137 4217 ted
154 4162 189 4227 F,
206 4171 215 4216 i
233 4164 279 4216 eoi
294 4163 363 4232 rpiol
381 4163 436 4230 ΐςφ,
453 4163 482 4216 iu
498 4175 531 4214 eo
549 4161 605 4229 ipio
625 4161 722 4216 scilicet
740 4161 853 4216 coluerit
864 4159 1073 4233 Oudendorpius
1159 4163 1189 4212 tc
1207 4164 1253 4211 trr-

87 4258 161 4326 rutro
178 4256 211 4319 F,
228 4256 369 4325 tnlt1t1eo
449 4259 477 4307 li
495 4253 579 4307 mclnl
593 4255 618 4304 F
694 4257 726 4307 29
745 4267 814 4322 pene
831 4253 855 4323 f,
871 4269 939 4321 pene
956 4273 990 4322 p:
1008 4259 1090 4323 pemt;
1108 4261 1139 4305 ut
1155 4251 1211 4306 uid.
1232 4250 1260 4304 F

88 4355 121 4404 31
142 4349 297 4404 adolescent
315 4363 467 4417 quanquam
485 4347 529 4433 F.
