2934 4900
241 195 300 256 126
737 213 830 260 urum
852 214 902 258 vn
1007 198 1011 207 '

237 381 309 426 cum
331 361 530 445 praefatione
552 362 759 430 deducendus
781 362 944 446 adsigner.
963 371 1000 430 'et
1022 383 1102 435 saue
1122 364 1270 449 gaudem
1290 363 1402 430 laetus-

237 490 298 555 que
319 473 565 555 praecurrebam
588 473 723 540 sarcinis
747 482 779 539 et
800 476 916 541 ceteris
931 476 1084 544 oneribus
1106 476 1172 543 iam
1186 457 1273 541 nunc
1285 493 1401 542 renun-

234 583 371 649 tiaturus
392 590 573 666 nanctaque
594 584 744 650 libertate
758 585 845 651 ueris
860 585 952 651 initio
967 586 1070 670 pratis
1080 585 1292 654 herbantibus
1312 605 1401 652 rosas

236 691 346 776 utique
367 701 552 776 reperturus
582 694 719 778 aliquas.
760 696 890 762 subibat
918 716 971 762 me
998 707 1107 762 tamen
1137 697 1194 762 illa
1227 697 1325 762 etiam
1358 715 1401 762 se

236 821 338 888 quens
360 804 510 886 cogitatio
533 805 618 888 quod
640 805 739 872 tantis
754 807 835 872 actis
855 807 972 890 gratiis
994 807 1237 888 honoribusque
1258 806 1426 891 plurimist

235 914 328 979 asino
351 933 422 980 meo
445 914 573 980 tributis
595 915 739 982 bumana
759 916 842 982 facie
864 923 996 1002 recepta
1017 918 1117 982 multo
1145 917 1401 1001 tantopluribus

235 1024 401 1090 benefieiis
429 1024 627 1092 honestarer.
666 1025 725 1092 sed
754 1027 809 1092 ubi
831 1047 883 1092 me
905 1029 1016 1112 procul
1038 1049 1059 1093 a
1081 1028 1213 1094 ciuitate
1235 1027 1400 1111 gregarius

234 1133 289 1199 ille
324 1134 533 1218 precluxerat,
570 1137 680 1202 nullae
718 1135 854 1205 deliciae
884 1156 923 1202 ae
949 1156 991 1204 ue
1019 1138 1087 1202 ulla
1109 1137 1242 1221 quidem
1270 1139 1400 1207 libertas

234 1245 361 1329 excipit.
397 1266 472 1310 nam
495 1245 643 1330 protinus
663 1267 744 1312 uxor
772 1246 843 1313 eius
865 1267 967 1313 auara
987 1248 1118 1332 quidem
1140 1248 1399 1332 nequissimaque

233 1357 290 1420 illa
312 1355 426 1420 mulier
448 1357 553 1420 molae
575 1355 800 1435 machinariae,
817 1357 989 1440 subiugum
1011 1379 1063 1424 me
1078 1358 1168 1424 dedit
1188 1358 1400 1442 frondosoque
1415 1362 1436 1408 ¹⁰

113 1515 115 1522 .
186 1527 189 1540 ,
233 1466 347 1530 baculo
371 1465 508 1532 subinde
529 1466 693 1548 castigans
726 1486 844 1552 panem
867 1468 930 1536 sibi
953 1469 1085 1552 suisque
1107 1469 1149 1535 de
1172 1487 1250 1540 meov
1266 1469 1398 1552 parabat

233 1576 329 1640 corio.
360 1595 419 1642 nee
441 1583 565 1642 tantum
588 1577 638 1642 sui
661 1577 724 1642 eibi
746 1579 855 1660 gratia
876 1599 928 1644 me
949 1579 1085 1664 fatigare
1111 1586 1263 1646 contenta
1285 1579 1399 1649 uicino-

233 1707 303 1751 rum
325 1687 421 1752 etiam
444 1687 602 1753 frumenta
625 1689 843 1754 mercennaris
866 1688 1064 1756 discursibus
1098 1689 1178 1756 meis
1207 1689 1398 1754 conterebat.

232 1817 292 1862 nee
313 1797 392 1861 mihi
415 1797 532 1863 misero
557 1803 677 1864 statuta
699 1799 814 1864 saltem
837 1799 960 1866 cibaria
982 1820 1041 1885 pro
1063 1801 1163 1866 tantis
1191 1799 1397 1884 praestaban-

231 1915 283 1972 tur
304 1907 479 1974 laboribus.
516 1928 656 1992 namque
684 1908 840 1975 hordeum
870 1929 976 1975 meum
1004 1911 1130 1976 frictum
1152 1916 1183 1975 et
1206 1909 1266 1975 sub
1289 1909 1399 1975 eadem
1414 1907 1435 1952 ¹5

232 2019 318 2083 mola
339 2018 419 2084 meis
443 2025 631 2100 quassatum
654 2019 847 2102 ambagibus
869 2021 991 2088 colonis
1018 2019 1176 2104 proximis
1203 2019 1397 2100 uenditabat,

231 2129 311 2197 mibi
338 2148 415 2196 uero
453 2147 512 2212 per
541 2127 626 2204 diem
664 2128 848 2196 laboriosae
880 2131 1050 2196 machinae
1079 2130 1211 2196 adtente
1240 2131 1301 2196 sub
1331 2133 1399 2215 ipsa

230 2259 368 2322 uespera
389 2238 527 2307 furfures
549 2240 734 2324 apponebat
766 2240 905 2307 incretos
938 2223 977 2306 do
1000 2239 1147 2307 sordidos
1169 2241 1337 2324 multoque
1356 2241 1397 2304 la-

229 2349 305 2432 pide
328 2349 519 2430 salebrosos.

130 2460 206 2523 XVI
312 2459 447 2525 Talibus
470 2462 633 2527 aerumnis
656 2460 830 2525 edomitum
863 2461 956 2527 nouis
985 2462 1113 2527 fortuna
1137 2482 1238 2529 saeua
1267 2461 1397 2527 tradidit
1410 2466 1432 2514 m

229 2570 432 2652 cruciatibus,
466 2569 588 2637 scilicet
609 2577 652 2653 ut,
685 2570 771 2655 quod
794 2571 900 2650 aiunt,
923 2571 1010 2636 domi
1033 2571 1174 2655 forisque
1196 2572 1335 2637 fortibus
1356 2571 1397 2635 f-

229 2680 289 2747 etis
311 2679 443 2745 adoriae
476 2682 593 2765 plenae
627 2680 793 2763 gloriarer.
831 2682 958 2765 equinis
991 2683 1146 2747 armentis
1178 2702 1320 2765 namque
1351 2700 1397 2745 me

228 2810 420 2874 congregem
441 2798 553 2875 pastor
575 2792 724 2875 egregius
748 2792 892 2857 mandati
914 2792 1068 2860 dominici
1089 2812 1181 2858 serus
1204 2794 1396 2858 auscultator
1410 2798 1448 2860 pu

228 2902 402 2985 aliquando
425 2902 580 2985 permisit.
618 2908 653 2966 at
682 2923 742 2984 ego
766 2902 896 2968 tandem
925 2903 1007 2967 liber
1028 2904 1141 2981 asinus
1164 2903 1268 2969 laetus
1292 2909 1325 2968 et
1346 2902 1395 2966 tri-

226 3012 367 3095 pudians
388 3012 556 3095 graduque
578 3013 667 3076 molli
697 3014 842 3095 gestiens
871 3032 973 3096 equas
1004 3013 1297 3097 opportunissimas
1334 3015 1394 3077 iam
1409 3018 1430 3065 n

227 3121 306 3186 mihi
328 3121 524 3188 concubinas
547 3122 681 3188 futuras
694 3123 886 3205 deligebsm.
916 3123 974 3189 sed
996 3123 1078 3188 baec
1100 3123 1197 3187 etiam
1221 3142 1297 3206 spes
1320 3124 1395 3187 hila·

227 3232 291 3295 rior
313 3232 347 3297 in
369 3233 508 3315 capitale
530 3233 688 3316 processit
710 3234 853 3297 exitium.
883 3252 990 3300 mares
1012 3233 1097 3298 enim
1120 3233 1161 3297 ob
1183 3232 1394 3299 admissuram

227 3342 406 3407 Veneream
429 3343 515 3425 pasti
546 3344 701 3409 satianter
723 3363 761 3407 sc
783 3343 838 3408 diu
868 3344 1009 3427 saginati
1037 3343 1199 3409 terribiles
1222 3344 1345 3410 riuales
1367 3349 1393 3408 et

227 3452 370 3535 alioquin
393 3453 502 3536 utique
525 3454 639 3535 quouis
663 3454 757 3519 asino
780 3454 927 3519 fortiores
950 3454 991 3543 de
1013 3473 1064 3517 me
1086 3460 1267 3519 metuentes
1290 3454 1395 3519 sibiet

228 3562 385 3627 adulterio
421 3563 575 3645 degeneri
612 3573 845 3648 praecauentes
875 3584 935 3631 uec
963 3564 1134 3649 hospitalis
1163 3564 1250 3627 Iouis
1273 3571 1394 3629 seruato
1408 3576 1430 3624 sc

256 3919 257 3924 ’
293 3922 307 3969 3
326 3932 357 3970 ra
376 3918 403 3969 in
421 3916 505 3986 pratil
522 3917 550 3969 tn
567 3931 622 3969 ros.
641 3917 861 3985 sercpsitmanus
873 3917 994 3972 scabrida
1011 3919 1040 3971 ic
1056 3917 1088 3982 F,
1106 3879 1227 3986 partile
1298 3923 1314 3971 6
1331 3916 1393 3971 mul-

172 4102 178 4113 ,
224 4043 252 4091 tc
269 4042 347 4095 tanta
364 4034 407 4102 Fp
500 4034 665 4104 tauareF,
690 3994 814 4103 acarde
898 4041 930 4089 22
949 4052 1029 4103 nauq;
1047 4035 1075 4088 F
1156 4040 1189 4089 23
1208 3996 1393 4105 recursui.

225 4132 295 4185 lerul
311 4128 374 4183 odd.
393 4130 554 4198 inmorqine
572 4147 591 4197 φ
669 4132 700 4181 27
714 4130 819 4220 scapital
838 4133 863 4191 te
880 4128 945 4184 adol.
962 4144 1060 4182 morsm
1076 4128 1205 4192 secunda)
1216 4128 1249 4192 F,
1268 4129 1393 4197 capitulo

224 4228 256 4277 28
273 4224 422 4277 Veneream
453 4220 608 4275 Woroerus:
633 4227 724 4275 uetere
748 4222 776 4275 F
844 4222 943 4277 riuales
969 4230 995 4276 et
1019 4223 1137 4291 alioquin
1164 4222 1258 4290 utique
1283 4222 1392 4293 scripsi.-

224 4342 310 4412 alost
331 4302 404 4409 aldqn
421 4340 445 4393 dr
461 4346 526 4409 ut1q;
544 4340 576 4405 F,
595 4340 663 4395 alrol
680 4302 712 4405 (d.
734 4340 800 4395 abal
816 4341 925 4403 aad..in
942 4343 1075 4414 marginal
1094 4342 1184 4411 sboqn
1201 4340 1226 4393 dr
1242 4347 1348 4411 utrq3p
