2934 4900
168 250 233 310 214
659 261 773 344 ¹arear
793 262 840 307 xr-

168 415 335 481 materiem
357 418 492 498 quaerat
513 413 621 478 aliam.
655 432 731 477 nam
753 412 787 479 in
809 432 865 479 eos
888 431 1021 496 quorum
1044 411 1107 478 sibi
1129 411 1214 477 uitas
1237 412 1341 478 serni-

168 526 248 591 tium
271 523 353 589 deae
374 529 505 590 nostrae
525 523 679 590 maiestas
693 522 882 604 uindicauit,
905 542 971 587 non
993 521 1092 587 habet
1112 521 1218 587 locum
1241 540 1339 589 casus

153 635 316 709 infestus.
346 632 424 719 quid
444 634 598 716 latrones,
621 633 699 717 quid
720 634 818 712 ferae,
842 630 919 715 quid
935 633 1110 715 seruitium,
1131 631 1212 726 ¹quid
1226 652 1342 717 asper-

168 747 321 812 rimorum
343 745 493 839 itinerum
516 743 670 829 ambages
699 744 899 829 reciprocae,
923 741 1002 827 quid
1024 749 1128 809 metus
1151 744 1263 809 mortis
1286 763 1341 807 co-

167 843 313 923 tidianae
332 856 478 921 nefariae
500 855 646 920 fortunae
666 854 809 940 profuit?
832 854 866 920 in
887 853 1020 919 tutelam
1042 853 1107 917 iarn
1129 858 1280 937 receptus
1303 866 1375 921 esa

168 968 315 1033 fortunae
337 964 396 1032 sed
418 964 569 1048 uidentis,
592 984 676 1049 quae
691 984 778 1045 suae
799 964 881 1031 lucis
903 962 1077 1047 splendore
1092 970 1217 1029 ceteros
1240 965 1341 1035 etiam

167 1078 248 1144 deos
268 1076 439 1170 illuminat.
461 1096 551 1141 sume
573 1076 638 1141 iam
656 1075 784 1140 uultum
806 1075 972 1142 laetiorem
988 1072 1125 1139 candido
1140 1075 1203 1141 isto
1225 1074 1341 1141 habitu

169 1195 224 1253 tuo
247 1192 486 1271 congruentem,
509 1185 661 1251 comitare
682 1205 836 1271 pompam
858 1184 940 1250 deae
956 1184 1168 1269 sospitatricis
1192 1185 1341 1249 inouanti

160 1295 281 1382 gradu.
325 1295 459 1361 uideant
479 1283 666 1379 inreligiosi·
681 1294 816 1361 uideant
845 1304 877 1361 et
909 1307 1049 1361 errorem
1072 1316 1164 1361 suum
1187 1314 1341 1378 recogno-

82 1451 85 1457 =
167 1414 269 1475 scant.
281 1426 334 1479 „en
354 1424 431 1471 ecce
451 1405 598 1491 pristinis
613 1406 778 1473 aerumnis
798 1405 965 1473 absolutus
986 1404 1084 1471 Isidis
1106 1424 1244 1503 magnae
1266 1426 1341 1489 pru-
1362 1422 1394 1471 ro

133 1567 135 1570 -
167 1518 279 1584 dentia
299 1514 447 1601 gaudens
468 1517 586 1584 Lucius
615 1516 657 1583 de
685 1538 746 1583 sua
772 1516 901 1581 fortuna
922 1514 1107 1601 triumphat.
1145 1533 1208 1599 qno
1230 1523 1341 1581 tamen

37 2074 147 2381 „

165 1628 264 1694 tutior
285 1628 331 1694 sis
351 1632 449 1709 atque
469 1627 631 1710 munitior,
653 1626 696 1692 da
717 1646 836 1692 nomen
858 1633 989 1693 sanctae
1004 1625 1079 1691 huic
1093 1626 1228 1691 militiae
1250 1626 1343 1691 cuius

167 1760 234 1805 non
256 1737 332 1803 olim
354 1743 556 1803 sacramento
572 1737 668 1803 etiam
691 1736 870 1821 rogabatis,
894 1743 988 1818 teque
1004 1736 1068 1801 iam
1082 1752 1168 1800 nunc
1183 1736 1343 1819 obsequio

151 1848 334 1933 ¹religionis
356 1853 488 1914 nostrae
510 1847 626 1922 dedica
648 1855 682 1913 et
700 1846 874 1914 ministerii
896 1847 1007 1929 iugum
1026 1845 1098 1914 subi
1113 1845 1343 1911 uoluntarium.

166 1980 244 2025 nam
265 1978 336 2024 cum
359 1960 503 2043 coeperis
524 1958 608 2025 deae
636 1958 774 2039 semine,
808 1964 883 2022 tunc
915 1957 1019 2041 magis
1050 1956 1169 2023 senties
1202 1956 1344 2023 fructum
1365 1965 1395 2014 15

169 2077 244 2137 tuae
266 2056 444 2135 libertatis?

251 2179 304 2245 Ad
325 2180 421 2246 istum
443 2177 573 2243 modum
594 2179 792 2245 uaticinatus
822 2177 974 2246 sacerdos
1003 2177 1152 2261 egregius
1187 2175 1345 2260 fatigatos

167 2290 330 2357 anhelitus
358 2289 492 2355 trahens
519 2289 680 2354 conticuit.
725 2289 801 2353 exin
830 2290 1008 2373 permixtus
1037 2286 1159 2371 agmini
1186 2286 1344 2370 religioso

170 2401 351 2484 procedens
373 2399 554 2465 comitabar
574 2400 753 2466 sacrarium
774 2404 861 2465 totae
883 2398 1009 2464 ciuitati
1037 2404 1132 2464 notus
1154 2415 1193 2462 ae
1215 2397 1345 2480 conspi-

167 2529 257 2594 cuus,
280 2510 391 2594 digitis
412 2502 800 2594 hominum-“nutibusque¹
817 2510 981 2576 notabilis.
1022 2527 1134 2574 omnes
1156 2507 1190 2572 in
1212 2527 1264 2574 me
1285 2527 1346 2590 po·
1364 2520 1397 2568 ae

169 2621 237 2707 puli
270 2620 515 2686 fabulabantun
532 2613 630 2684 ‘hune
651 2621 880 2706 omnipotentis
909 2619 1006 2686 hodie
1040 2618 1123 2684 deae
1143 2637 1265 2683 namen
1286 2637 1346 2682 an·

169 2740 298 2814 gustum
319 2730 508 2796 reformauit
535 2729 578 2795 ad
608 2730 767 2798 homines.
812 2731 891 2798 felix
923 2729 1079 2796 Hercules
1102 2735 1134 2794 et
1154 2735 1203 2794 ter
1225 2727 1345 2794 beatus

167 2842 223 2925 qui
244 2842 332 2906 uitae
353 2840 477 2907 scilicet
496 2840 722 2925 praecedentis
745 2841 930 2906 innocentia
950 2839 1078 2922 fideque
1100 2838 1252 2904 meruerit
1273 2845 1344 2904 tam

167 2952 370 3034 praeclarum
398 2950 439 3017 de
481 2952 571 3018 caelo
604 2950 820 3036 patrocinium
853 2958 887 3016 ut
915 2957 1046 3017 renatus
1076 2949 1216 3034 quodam
1245 2948 1343 3014 modo

90 3072 94 3080 ’
168 3062 278 3128 statim
301 3079 464 3127 sacrorum
486 3060 643 3146 obsequio
665 3055 938 3144 desponderetur.²
1362 3074 1394 3134 25

247 3171 339 3236 *Inter
367 3169 449 3237 haec
470 3178 503 3236 et
529 3173 681 3237 festorum
711 3177 858 3236 uotorum
885 3171 1055 3236 tumultum
1084 3171 1240 3256 paulatim
1268 3191 1344 3255 pro-

61 3309 64 3314 ·
170 3282 275 3366 gressi
296 3282 362 3346 iam
385 3282 489 3366 ripam
511 3282 611 3348 maris
632 3282 853 3367 proximamus
875 3288 972 3366 atque
988 3280 1032 3346 ad
1052 3281 1160 3366 ipsum
1181 3281 1274 3346 illum
1295 3281 1343 3346 lo·

174 3411 246 3456 curn
267 3411 332 3476 qno
352 3390 457 3475 pridie
478 3409 568 3458 meus
591 3392 812 3458 stabulauerat
833 3392 944 3458 asinus
966 3392 1182 3476 peruenimus.
1219 3390 1344 3457 ibidem

170 3501 353 3570 simulacris
374 3502 436 3566 rite
458 3500 626 3587 dispositis
647 3521 767 3568 nauem
790 3502 961 3568 faberrime
984 3502 1102 3568 iactam
1125 3502 1259 3584 picturis
1283 3501 1343 3566 mi-

166 3614 213 3679 ris
245 3611 476 3696 Aegyptiorum
512 3613 725 3679 circumsecus
762 3614 963 3696 uariegatam
1000 3631 1143 3678 summus
1187 3611 1343 3678 sacerdos
1362 3617 1395 3667 30

167 3720 267 3789 taeda
286 3720 395 3787 lucida
416 3728 448 3788 et
470 3742 531 3786 ouo
554 3728 586 3787 et
608 3723 728 3788 sulfure
752 3723 1018 3790 sollemnissimas
1050 3741 1164 3806 preces
1187 3721 1228 3787 de
1250 3730 1343 3789 casto

176 3975 179 3978 ’
237 3969 382 4042 tlocdf:
400 3975 476 4029 locut
491 3974 523 4036 F,
541 3975 624 4038 locui,
642 3975 766 4030 addito
755 3991 783 4028 ra
798 3991 886 4046 marp.
905 3990 928 4028 c
946 3973 1051 4044 Γοοιῑ,φ
1128 3975 1288 4029 emonanti
1296 3975 1344 4030 At-

167 4093 235 4148 das:
258 4083 409 4150 rnnouandr
427 4093 458 4158 F,
482 4093 669 4162 rnnouandrp
758 4097 788 4146 11
807 4093 947 4154 cu1;r'rolr
967 4094 1107 4164 tacralmto
1126 4079 1182 4148 etrd
1205 4097 1347 4164 rogassent

170 4187 282 4242 inducta
299 4189 363 4242 iaF
450 4191 481 4240 15
500 4187 640 4255 cepean
703 4186 823 4251 tuncF,
843 4204 911 4256 rep
997 4190 1030 4240 29
1048 4185 1232 4256 faberrimef:
1249 4187 1344 4243 fauer-

168 4295 235 4335 nme
246 4281 275 4334 F
338 4285 370 4334 30
389 4284 520 4350 egyptom
528 4280 557 4334 F
621 4279 802 4339 circumsecus
815 4281 979 4350 denegatam
990 4277 1170 4336 Starueclrr'as:⁴
1181 4277 1348 4338 enablectut

170 4368 334 4442 uanelgrecb
352 4373 397 4442 Fp
483 4377 515 4427 31
534 4370 683 4441 sulpurea*
