2934 4900
507 238 578 286 chP.
603 238 773 286 VlIll-XII

45 397 98 456 est
123 390 214 475 quod
230 383 326 474 'ipsae
353 389 494 457 uidimus
510 411 593 475 quae
614 391 738 458 uidisse
760 391 919 476 paenituit
939 390 1056 457 nedum
1080 397 1115 455 ut
1135 389 1224 474 geni-

44 500 179 566 toribus
201 507 232 565 et
254 500 402 566 omnibus
424 502 553 585 populis
574 507 639 566 tam
668 501 798 566 beatum
826 501 896 567 eius
918 500 1105 567 differamus
1131 519 1224 584 prae-

45 612 192 678 conium.
228 629 289 676 nec
316 617 391 676 sunt
426 611 512 676 enim
540 611 627 676 beati
656 631 789 696 quorum
826 610 957 677 diuitias
993 630 1088 677 nemo
1124 610 1222 675 nouit.

45 721 132 786 sciet
156 719 192 787 se
213 740 279 786 non
300 720 436 788 ancillas
460 720 518 787 sed
541 739 667 788 sorores
689 721 811 787 habere
825 721 974 788 maiores.
998 726 1031 788 et
1051 739 1137 786 nuuc
1158 720 1225 803 qui-

12 832 123 896 edem
151 830 365 896 concedamus
388 829 429 895 ad
457 831 590 897 maritos
622 838 654 898 et
688 832 774 898 lares
810 850 971 916 pauperes
1007 836 1135 897 nostros
1165 829 1223 896 sed

45 943 151 1027 plane
187 940 313 1007 sobrios
340 942 519 1008 renisamus
556 939 696 1026 donique
724 942 973 1024 cogitationibus
1008 940 1225 1024 pressioribus

46 1055 230 1118 instructae
252 1049 294 1142 ad
317 1051 500 1135 superbiam
523 1043 739 1135 poeniendam
761 1043 936 1118 firmiores.³

136 1162 251 1227 Placet
270 1180 330 1246 pro
351 1161 436 1227 bono
459 1161 584 1228 duabus
614 1163 708 1229 malis
742 1163 862 1227 malum
893 1161 1061 1228 consilium
1076 1161 1223 1243 totisque
1245 1151 1321 1218 ΧΓ

46 1273 115 1338 illis
140 1278 210 1336 tam
231 1271 383 1356 pretiosis
416 1273 602 1338 muneribus
630 1272 829 1339 absconditis
861 1291 985 1336 comam
1006 1271 1171 1337 trahentes
1194 1277 1226 1365 et

10 1403 29 1450 c
46 1380 190 1464 proinde
211 1389 246 1446 ut
273 1381 478 1448 merebantur
505 1403 564 1469 cra
595 1385 775 1449 lacerantes
808 1382 975 1450 simulatos
1003 1381 1225 1465 redintegrant

46 1493 157 1559 fletus.
181 1511 220 1557 ac
234 1493 281 1558 sic
295 1472 446 1577 parentes
461 1513 587 1577 quoque
601 1492 802 1559 redulcerato
818 1513 965 1578 prorsum
983 1491 1093 1557 dolere
1108 1490 1224 1575 raptim

47 1602 243 1670 deserentes
265 1603 400 1669 uesania
420 1603 569 1688 turgidae
584 1603 697 1670 domus
720 1622 797 1669 suas
812 1602 1007 1668 contendunt
1028 1601 1135 1668 dolum
1158 1621 1226 1667 sce-

47 1715 182 1795 lestum,
196 1713 294 1778 immo
308 1715 596 1797 ueroparrieidium
611 1721 771 1782 struentes
783 1709 1045 1799 contrascrorem
1056 1714 1224 1778 insontem.

19 1907 27 1916 ,
138 1823 270 1889 Interea
303 1823 451 1908 Psychen
488 1825 621 1891 maritus
654 1826 709 1890 ille
743 1843 838 1908 quem
866 1825 970 1889 nescit
1001 1843 1126 1888 rursum
1157 1821 1226 1888 suis

10 1907 31 2038 Ἢ
48 1935 116 2000 illis
141 1933 308 2000 nocturnis
332 1935 533 2000 sermonibus
556 1935 603 2001 sic
629 1941 810 2032 commonet
827 1927 975 1999 ‘uidesne
990 1942 1143 2016 quantum
1165 1932 1225 1996 tibi

49 2045 230 2128 periculum
261 2045 413 2110 uelitatur
441 2046 584 2110 Fortuna
612 2044 762 2111 eminus?
805 2063 844 2109 ac
870 2045 934 2110 nisi
962 2045 1058 2126 longe
1093 2043 1228 2107 firmiter

49 2173 240 2238 praecaues,
264 2175 339 2219 mox
362 2156 538 2223 comminus
561 2154 796 2240 congredietur.
839 2154 985 2240 perfidae
1006 2154 1136 2239 lupulae
1159 2172 1225 2217 ma·

49 2266 124 2347 gnis
141 2265 312 2331 conatibus
327 2265 471 2332 nefarias
493 2265 630 2332 insidias
652 2265 710 2329 tibi
727 2272 924 2351 comparant,
948 2284 1083 2348 quarum
1098 2282 1226 2329 summa

50 2382 98 2440 est
122 2382 160 2440 ut
182 2382 214 2440 te
236 2374 395 2441 suadeant
416 2395 505 2442 meos
528 2377 696 2461 explorare
718 2378 843 2452 nultus,
867 2396 963 2460 quus,
986 2381 1022 2440 ut
1042 2373 1102 2438 tihi
1124 2392 1225 2458 saepe

11 2510 33 2561 lo
49 2486 219 2569 praedixi,
241 2507 307 2552 non
330 2486 457 2553 uidebis
480 2488 509 2553 si
530 2487 662 2553 uideris.
700 2507 777 2571 ergo
799 2487 897 2570 igitur
919 2487 947 2552 si
969 2485 1104 2570 posthac
1125 2485 1228 2569 pessi·

50 2617 125 2663 mae
164 2596 240 2662 illae
277 2598 395 2663 lamiae
423 2596 529 2663 noxiis
551 2598 668 2664 animis
696 2605 841 2663 armatae
861 2597 1010 2663 uenerint
1024 2577 1073 2641 ¹-
1095 2596 1227 2661 uenient

51 2714 163 2772 autem
186 2708 317 2772 scio-
340 2727 446 2792 neque
469 2708 598 2775 omuino
621 2728 802 2774 sermonem
818 2708 964 2773 conferas
987 2713 1019 2771 et
1041 2705 1069 2772 si
1091 2704 1125 2770 id
1147 2706 1227 2770 tole·

51 2837 127 2883 rare
149 2837 208 2901 pro
223 2817 366 2899 genuina
385 2818 590 2902 simplicitate
608 2838 729 2902 proque
748 2817 848 2881 animi
865 2819 912 2881 tui
924 2814 1139 2883 teneritudine
1160 2799 1225 2879 nori

52 2925 208 3009 potueris,
225 2933 310 2993 certe
325 2927 366 2993 de
379 2929 494 2993 marito
509 2929 556 2993 nil
573 2928 743 3010 quicquam
754 2927 808 2991 uel
823 2926 939 2992 audias
951 2927 1003 2990 uel
1015 2924 1223 3007 respondeas.

12 3052 35 3103 lt
54 3058 131 3101 nam
155 3044 188 3101 et
209 3037 364 3103 familiam
386 3045 529 3104 nostram
559 3038 623 3102 iam
651 3037 904 3121 propagabimus
926 3042 958 3103 et
979 3036 1032 3101 hic
1053 3034 1158 3099 adhuc
1179 3035 1213 3099 in

54 3147 180 3213 tantilis
202 3154 312 3214 uterus
334 3155 441 3231 gestat
462 3148 556 3214 nobis
583 3147 739 3211 infantem
761 3147 877 3228 alium,
907 3146 936 3213 si
967 3145 1087 3211 texeris
1115 3151 1226 3210 nostra
1298 3194 1305 3205 .

55 3263 182 3324 secreta
203 3258 341 3339 silentio,
364 3258 509 3324 diuinum
532 3294 573 3304 -
596 3258 624 3323 si
645 3257 879 3343 protanaueris,
901 3257 1078 3322 mortalem.

142 3366 264 3433 Nuntio
295 3366 422 3452 Psyche
451 3370 538 3434 lacta
564 3368 700 3433 florebat
728 3373 760 3433 et
787 3367 919 3432 diuinae
947 3367 1069 3432 subolis
1103 3364 1223 3431 solacio
1245 3363 1312 3428 XII
1369 3354 1380 3374 ‘

55 3478 236 3562 plaudebat
257 3485 288 3543 et
309 3478 406 3543 futuri
436 3479 581 3563 pignoris
603 3478 707 3562 gloria
734 3478 895 3561 gestiebat
916 3484 948 3542 et
970 3475 1107 3540 materni
1128 3477 1228 3539 nomi·

14 3598 40 3647 oe
56 3592 107 3656 nis
139 3588 297 3671 dignitate
324 3588 496 3672 gaudebat.
533 3596 713 3655 crescentes
751 3587 821 3673 dies
854 3596 887 3653 et
914 3607 1043 3653 menses
1074 3593 1228 3651 exeuntes
1302 3579 1304 3583 ⁴

128 3885 138 3932 1
158 3882 275 3947 penituit
283 3876 335 3945 Fa,
347 3876 375 3929 ia
393 3873 552 3945 marginal?
565 3872 686 3927 additum
705 3878 874 3942 penmttrrou
891 3877 1002 3941 pemmtt
1089 3857 1176 3925 necdh
1194 3871 1225 3936 F,

57 3963 168 4066 nehhp
262 4001 277 4049 6
302 3994 418 4062 donique
440 3991 570 4046 Iahnius:
594 3992 666 4060 druq;
692 3962 905 4060 (non-demque)
924 3991 968 4060 lp
1059 3996 1084 4043 tl
1106 3985 1170 4059 prth
1187 3991 1228 4044 sr'c

57 4090 209 4161 Eprius
299 4093 329 4143 12
348 4088 489 4141 dementes
504 4085 547 4154 Fa
636 4090 666 4138 15
690 4084 749 4139 rllei
764 4086 801 4138 F⁴
893 4089 926 4137 23
944 4098 1061 4153 genuina
1078 4114 1087 4133 .
1106 4081 1174 4152 (fuit
1198 4084 1230 4135 m’

57 4186 145 4256 fallor
163 4190 196 4245 &l
215 4185 253 4249 F,
277 4194 434 4251 genuinae
518 4182 549 4232 25
568 4183 590 4228 a
611 4178 733 4249 priorem
757 4195 808 4232 om.
826 4177 864 4230 F‘
948 4181 980 4230 27
998 4175 1189 4246 pphcuauelrrl
1204 4175 1233 4228 F

58 4266 173 4333 mortale
189 4264 252 4331 uate
270 4264 503 4330 mortalhdcletum
522 4273 549 4325 ia
559 4272 591 4337 F,
608 4262 724 4327 mortale
728 4277 795 4343 pest
804 4257 918 4325 mortale
934 4270 1049 4324 deletum
1060 4270 1088 4322 tn
1105 4289 1125 4337 φ
1194 4272 1226 4321 28

58 4372 155 4429 lobohi
169 4370 207 4442 [φ
