2934 4900
247 221 312 286 tlt,
757 233 849 280 mam
870 235 905 279 vr

88 379 229 448 XXVIII
252 385 583 454 sumrursumincitat.
607 404 667 468 ego
676 385 772 450 simul
780 384 982 449 uoluntariae
990 383 1087 466 fugae
1098 389 1173 448 uoto
1186 392 1218 449 e't
1226 383 1402 449 liberandae

242 496 379 580 uirginis
401 494 507 562 studio
530 495 588 562 sed
610 502 641 560 et
663 497 833 579 plagarum
848 513 956 572 suasu,
979 513 1063 577 quae
1079 513 1131 558 me
1151 495 1314 579 saepicule
1327 514 1402 558 con-

243 606 427 690 monebant,
460 605 599 688 equestri
621 606 788 672 celeritate
820 603 1012 688 quadripedi
1041 624 1137 671 cursu
1159 605 1263 670 solum
1285 605 1398 687 replau-

244 717 325 785 dens
347 715 483 799 uirginis
506 715 663 781 delicatas
686 716 817 809 uoculas
850 714 1024 780 adhinnire
1054 715 1260 798 temptabam.
1299 714 1354 780 sed
1373 724 1398 778 et

244 825 412 911 scalpendi
434 826 522 893 dorsi
537 826 599 898 mei
614 825 820 892 simulatione
834 846 900 890 non
914 845 1088 906 numquam
1103 824 1270 907 obliquata
1285 826 1421 890 ceruices

242 936 341 1020 pedes
375 936 508 1002 decoros
541 936 673 1030 puellae
693 935 873 1002 basiaham.
896 943 972 1000 tunc
993 936 1051 1001 illa
1072 936 1200 1020 spirans
1222 936 1318 1002 altius
1338 954 1398 999 cae-

242 1047 374 1130 lumque
387 1047 531 1135 ¹sollicito
553 1053 632 1111 nutu
654 1053 769 1130 petens

322 1149 421 1223 ‘Vos'
446 1157 549 1239 inquit
568 1149 712 1240 ‘Superi
735 1155 865 1221 taudem
882 1156 964 1222 meis
979 1156 1139 1239 supremis
1151 1156 1302 1238 periculis
1315 1175 1397 1239 open

240 1268 345 1346 facite,
370 1274 402 1332 et
423 1276 472 1347 tu,
495 1267 638 1332 Fortuna
660 1265 771 1332 durior
791 1267 858 1331 iarn
879 1266 1007 1333 saeuire
1029 1265 1160 1332 desiste.
1199 1276 1251 1333 sat
1273 1267 1328 1331 tibi
1349 1266 1395 1329 nri-

240 1378 322 1443 seris
344 1377 415 1444 istis
438 1376 632 1442 cruciatibus
647 1377 728 1442 meis
751 1377 876 1441 litatum
898 1383 958 1442 est.
979 1383 1078 1460 tuque
1097 1377 1299 1460 praesidium
1312 1395 1394 1441 meae
1411 1383 1431 1432 10

237 1488 398 1554 libertatis
419 1507 575 1570 meaeque
598 1487 713 1553 salutis
737 1488 765 1552 si
786 1506 838 1552 me
853 1486 983 1551 domum
1004 1487 1193 1568 perueneris
1215 1488 1392 1552 incolumen

238 1597 490 1682 parentibusque
513 1605 545 1663 et
566 1599 727 1663 formonso
750 1614 847 1680 proco
869 1595 1066 1672 reddideris,
1096 1617 1176 1681 quas
1205 1597 1265 1662 tibi
1286 1597 1394 1680 gratias

238 1707 432 1790 perhibebo,
468 1729 548 1792 quos
570 1708 709 1774 honores
732 1706 873 1788 habebo,
910 1726 990 1789 quos
1012 1707 1101 1773 cibos
1123 1701 1305 1773 exhibebo?
1338 1708 1394 1771 ian

238 1818 376 1900 prImum
398 1818 506 1905 iubam
528 1820 624 1883 istam
646 1825 734 1882 tuam
757 1818 858 1902 probe
879 1818 1075 1902 pectinatam
1096 1819 1178 1883 meis
1193 1818 1393 1900 uirginalibus

237 1927 410 2002 monilibus
448 1928 631 2010 adornabo,
664 1929 800 2019 frontem
830 1947 907 1994 uero
935 1928 1108 2014 crispatam
1131 1929 1221 2012 prius
1250 1928 1393 1994 decoriter
1408 1926 1427 1972 o

237 2036 466 2103 discrifflinabo
489 2035 676 2121 caudaeque
699 2046 787 2104 setas
810 2039 934 2104 incuria
956 2039 1078 2104 lauacri
1094 2025 1264 2122 congestas
1280 2046 1311 2104 et
1330 2039 1392 2102 hor·
1443 2096 1444 2107 2

237 2147 325 2214 ridas
355 2168 479 2212 comam
512 2147 684 2231 diligenter
711 2150 884 2214 monilibus
913 2149 1073 2232 buIIIsque
1100 2159 1132 2214 te
1166 2151 1275 2216 multis
1298 2149 1391 2214 aureis

234 2257 429 2322 inoculatum
452 2258 552 2323 ueluti
574 2259 677 2324 stellis
707 2258 844 2326 sidereis
866 2259 1061 2325 relucentem
1090 2270 1121 2324 et
1149 2260 1276 2344 gaudiis
1303 2280 1391 2344 popu·

233 2368 349 2432 larium
371 2389 560 2453 pomparum
582 2373 732 2434 ouantem
755 2370 829 2435 sinu
844 2369 946 2435 serico
961 2378 1152 2455 progestans
1174 2373 1305 2436 nucleos
1327 2369 1389 2434 edu-

80 2473 241 2544 XXVIIII
262 2479 308 2542 lia
330 2462 457 2544 mitiora
484 2488 516 2545 te
545 2500 651 2545 meum
673 2480 897 2564 sospitatorem
919 2480 1036 2546 cotidie
1064 2484 1224 2547 saturabo.
1264 2482 1320 2549 sed
1340 2500 1388 2546 nec
1403 2480 1425 2526 2⁰

232 2588 317 2654 inter
339 2590 427 2655 cibos
450 2590 605 2657 delicatos
628 2596 660 2655 et
681 2591 781 2656 otium
812 2591 1005 2674 profundum
1033 2593 1184 2675 uitaeque
1200 2594 1302 2660 ¹totius
1323 2593 1387 2656 bea·

231 2699 400 2793 titudinem
423 2700 524 2766 deerit
546 2700 605 2764 tibi
636 2700 779 2783 dignitas
807 2702 960 2784 glorIosa.
998 2722 1073 2766 narn
1101 2703 1288 2767 memoriam
1309 2721 1387 2787 prae·

233 2809 333 2875 sentis
363 2809 509 2876 fortunae
536 2830 627 2877 meae
650 2810 844 2893 diuinaeque
871 2811 1095 2894 prouidentiae
1123 2819 1282 2897 perpetua
1301 2818 1386 2877 testa·

229 2919 317 2984 tione
340 2920 475 3003 signabo
498 2928 541 2999 et,
551 2922 711 3004 depictam
728 2921 763 2985 in
778 2921 890 2985 tabula
911 2922 1007 3003 fugae
1030 2924 1212 3006 praesentis
1228 2923 1387 3006 imaginem

230 3020 458 3096 meae'domus
481 3032 562 3095 atrio
586 3031 753 3096 dedicato.
784 3031 908 3095 uIsetur
929 3040 961 3097 et
983 3032 1016 3096 in
1038 3032 1156 3098 tabulis
1178 3034 1323 3100 audietur
1342 3031 1387 3096 do
1401 3032 1422 3081 2⁵

239 3288 529 3303 —-—-—···——-
577 3286 580 3293 .

296 3480 310 3528 2
330 3463 508 3532 edmouebant
525 3478 569 3545 Fp
655 3481 671 3529 4
689 3476 810 3531 admnrre
818 3476 859 3583 bF,
884 3475 987 3531 adrnne
1011 3497 1030 3545 φ
1117 3428 1275 3546 btcdpendr
1299 3479 1318 3545 (l
1332 3476 1384 3531 add.

154 3674 158 3683 Ι
226 3600 287 3662 etp
306 3612 376 3649 corr.
388 3612 425 3651 ex
442 3594 745 3657 umanusseeundatF,
764 3595 934 3663 [caluendrp
1014 3596 1142 3663 obhquat3
1161 3594 1385 3664 acerurce13udrl.

226 3704 323 3741 rachus
345 3689 473 3753 secundo)
493 3690 524 3754 F,
544 3689 704 3757 obhquatal
727 3701 851 3754 acerurce
872 3691 1006 3760 (priorem
1023 3705 1040 3743 a
1056 3688 1121 3798 {aad
1149 3706 1248 3744 manas
1265 3691 1383 3756 arcanc

225 3806 322 3860 thia
340 3808 477 3861 bahabam
500 3824 569 3862 corr.
594 3824 631 3861 eor
654 3823 672 3859 u
690 3823 786 3860 manas
802 3806 922 3861 secondo
939 3809 968 3860 ia
989 3806 1022 3871 F,
1047 3809 1198 3878 patraba'c
1286 3815 1315 3863 13
1332 3827 1346 3876 q
1362 3806 1382 3859 ir

223 3901 290 3967 quoi
306 3904 379 3963 (arcte
396 3902 518 3965 honores)
537 3917 606 3954 cerr.
626 3917 643 3953 a
661 3916 744 3953 marcu
761 3900 881 3954 secunda
898 3917 936 3953 ccc
954 3916 970 3953 o
988 3902 1017 3954 ia
1034 3902 1073 3966 F,
1099 3902 1166 3970 quos
1182 3923 1201 3971 φ
1293 3908 1320 3955 15
1336 3915 1381 3953 mo·
1438 3939 1439 3956 t

223 3991 297 4056 nrhb3
315 3994 368 4061 Ρφ,
386 3994 509 4047 manibus
526 3993 610 4063 uolgo
684 3999 710 4046 tr
730 4009 836 4047 comam
852 3993 991 4061 diligenter
1001 3995 1120 4066 scrqtrsi:
1138 3980 1220 4064 cbpta
1229 3989 1386 4065 drhgentraF

223 4090 286 4139 onte
304 4086 446 4140 monrhbui
461 4086 524 4140 odd.
542 4086 686 4153 pectrnabo
703 4086 752 4139 sed
768 4088 797 4140 ia
815 4088 914 4141 luccae
931 4093 958 4141 ct
980 4089 1036 4141 arsi
1049 4088 1138 4157 fallor
1156 4090 1191 4143 ab
1209 4091 1296 4143 altera
1312 4100 1381 4139 mortu

223 4196 389 4249 quamquam
406 4178 523 4232 ciusdem
541 4179 638 4233 aetatis
661 4182 793 4251 scriptam
810 4200 830 4249 φ
850 4178 929 4242 (attic
951 4180 1005 4233 talc
1029 4183 1057 4234 ia
1074 4181 1110 4246 F)
1197 4179 1380 4236 adlaturam

223 4282 252 4327 ct
270 4275 324 4327 uid.
345 4278 439 4345 (cupra
458 4287 474 4324 a
491 4270 552 4324 cdd·
574 4267 581 4289 ⁵
605 4288 674 4326 moa.
701 4273 831 4337 secanda)
859 4274 889 4336 F,
916 4274 1042 4341 saginabo
1065 4274 1115 4329 sed
1131 4277 1160 4327 ia
1178 4276 1228 4331 Iac.
1248 4283 1276 4331 ct
1290 4286 1318 4328 at
1334 4270 1378 4325 ur'd
1437 4307 1438 4314 κ

222 4368 256 4420 ab
274 4366 362 4419 altera
378 4366 426 4422 sed
442 4365 553 4434 aequali
568 4382 650 4419 marcu
668 4368 696 4418 ia
715 4386 734 4435 φ
828 4372 858 4420 21
879 4371 915 4430 et]
934 4368 973 4419 eft
989 4366 1036 4436 Fp
1130 4374 1163 4421 25
1181 4368 1282 4423 fauuhf
1295 4363 1332 4423 1³¹
