2934 4900
189 236 248 307 194
697 254 789 303 umal
811 256 835 301 x

185 413 334 492 stientes,
367 410 519 475 obserata
539 409 607 474 fore
628 413 725 491 atque
754 407 891 491 singulis
914 426 1024 473 eorum
1047 426 1175 475 seorsus
1197 405 1349 473 admissis

86 589 90 593 .
184 524 285 605 stipes
306 528 478 605 acceptans
499 538 565 584 non
586 537 706 602 paruas
729 518 905 583 summulas
927 517 1060 584 diurnas
1082 517 1252 583 corradere
1274 536 1350 582 con-

185 639 303 700 suerat.

269 741 342 806 Fuit
363 742 397 805 in
417 740 474 805 illo
488 737 711 803 conuenticulo
727 744 874 803 matrona
889 736 1048 821 quaedam
1070 738 1197 822 pollens
1220 743 1252 803 et
1275 757 1351 821 opu-

183 855 271 934 lens,
309 870 392 935 quae
419 869 508 915 more
540 854 716 913 ceterorum
744 848 850 913 uisum
873 868 979 913 nreunr
1006 854 1150 913 mercata
1171 867 1210 912 ac
1232 846 1389 913 debince

185 961 430 1028 multiformibus
464 958 597 1025 ludicris
624 957 785 1023 delectata
812 977 870 1042 per
904 958 1150 1023 admirationem
1177 956 1348 1025 adsiduam

183 1072 337 1159 paulatim
359 1071 394 1135 in
416 1068 640 1135 admirabilem
661 1068 725 1132 mei
740 1067 924 1153 cupidinem
944 1067 1130 1159 inciditnec
1152 1068 1253 1133 ullam
1275 1088 1348 1133 uae

185 1202 285 1250 sanae
306 1179 435 1246 libidini
456 1178 617 1245 medelam
638 1178 770 1263 capiens
793 1177 835 1243 ad
857 1178 960 1244 instar
981 1179 1145 1245 asinariae
1166 1177 1350 1261 Pasiphaae

184 1293 370 1378 complexus
391 1309 479 1355 meos
500 1288 651 1355 ardenter
672 1287 879 1373 expectabat,
907 1288 1024 1372 grandi
1046 1288 1185 1373 denique
1207 1288 1350 1371 praemio

184 1423 254 1469 cum
277 1404 380 1467 altore
401 1419 473 1466 meo
495 1398 631 1484 depecta
652 1407 702 1466 est
726 1398 830 1465 noctis
860 1398 956 1465 unius
976 1398 1196 1463 concubitum.
1241 1407 1276 1463 at
1296 1400 1350 1464 ille
1373 1400 1409 1449 ¹⁰

182 1531 387 1597 nequaquam
415 1519 451 1573 at
476 1515 588 1594 posset
610 1508 650 1575 de
673 1530 724 1575 me
748 1526 848 1576 suaue
869 1508 1056 1593 prouenire,
1088 1509 1175 1573 lucro
1199 1529 1257 1574 suo
1280 1516 1349 1573 tan·

181 1630 248 1688 tum
270 1626 449 1702 contentus,
471 1619 593 1685 adnuit.

94 1720 159 1784 XX
267 1732 337 1796 lam
358 1730 498 1815 denique
511 1730 616 1796 cenati
637 1730 809 1795 etriclinio
831 1730 954 1795 domini
970 1729 1213 1795 decesseramus
1234 1735 1267 1793 et
1287 1728 1354 1793 iam

183 1842 304 1908 dudum
325 1842 575 1925 praestolantem
598 1841 743 1906 cubiculo
772 1860 843 1907 meo
865 1848 1044 1906 matronam
1074 1839 1275 1906 offendimus.
1320 1836 1356 1903 di

85 2026 89 2032 ‚
183 1951 260 2016 boni
287 1951 393 2035 qualis
421 1951 477 2017 ille
499 1971 659 2035 quamque
680 1953 867 2036 praeclarus
896 1954 1088 2036 apparatus!
1124 1956 1275 2034 quattuor
1298 1954 1408 2014 eu-15

183 2061 280 2126 nuchi
301 2061 469 2127 confestim
483 2061 628 2144 puluillis
643 2063 860 2148 compluribus
882 2072 1015 2127 uentose
1030 2060 1226 2127 tumentibus
1242 2061 1357 2145 pluma

183 2171 323 2238 delicata
342 2177 527 2237 terrestrem
548 2172 642 2240 nobis
665 2173 807 2237 cubitum
835 2153 1042 2258 praestruunt
1071 2169 1130 2238 sed
1151 2178 1183 2237 et
1205 2171 1357 2253 stragula
1465 2244 1466 2261 ,

182 2290 274 2350 ueste
295 2302 373 2347 auro
396 2301 433 2345 ac
455 2282 575 2348 murice
597 2284 696 2368 Tyrio
723 2281 851 2368 depicta
878 2284 980 2368 probe
1002 2287 1269 2349 consternuntac
1292 2280 1353 2347 de·
1465 2272 1466 2277 ’

180 2412 278 2478 super
299 2391 451 2458 breuibus
466 2391 640 2458 admodum
656 2393 714 2460 sed
732 2394 812 2462 satis
828 2393 967 2478 copiosis
982 2391 1136 2478 puluillis,
1160 2390 1234 2459 aliis
1254 2391 1354 2459 nimis

182 2503 317 2568 modicis
339 2502 411 2586 quis
431 2504 583 2570 maxillas
604 2511 636 2570 ct
663 2506 804 2572 cervices
821 2495 988 2571 ¹delicatae
1018 2501 1161 2569 mulieris
1190 2503 1356 2568 suffulcire
1376 2511 1409 2560 20

182 2619 384 2695 consuerunt,
408 2619 641 2696 superstruunt.
677 2634 739 2680 nec
766 2615 916 2680 dominae
938 2616 1121 2697 uoluptates
1144 2612 1269 2678 diutina
1291 2633 1355 2678 sua
1464 2643 1465 2648 ¹

182 2723 368 2807 praesentia
389 2723 506 2788 morati
527 2724 646 2791 clausis
669 2725 807 2790 cubiculi
835 2725 957 2792 loribus
985 2725 1156 2791 iacessunt.
1200 2729 1234 2788 at
1262 2723 1353 2790 intus

182 2833 441 2922 ccreipraeolara
450 2834 604 2901 micantes
615 2836 686 2901 luce
697 2843 872 2902 noetnmas
880 2836 975 2902 nobis
985 2817 1137 2902 tenebras
1149 2833 1354 2899 inalbabaut.

78 2939 159 3006 XXI
181 2952 255 3009 tunc
283 2944 357 3028 ipsa
378 2951 490 3008 cuncto
512 2965 645 3028 prorsus
669 2947 808 3031 spoliata
829 2947 980 3036 tegmipe,
1004 2945 1113 3010 taenia
1135 2963 1263 3028 quoque
1284 2963 1355 3026 qua

180 3053 314 3119 decoras
336 3052 527 3119 deuinxerat
540 3055 690 3139 papillas,
711 3058 821 3122 lumen
835 3063 966 3141 propter
981 3054 1144 3122 adsistens
1159 3053 1200 3118 de
1214 3059 1353 3136 stagneo
1377 3065 1409 3115 25
1463 3129 1464 3132 Ἴ

178 3165 311 3229 uasculo
333 3165 432 3229 multo
454 3184 527 3230 sese
548 3166 700 3250 perungit
720 3168 791 3232 oleo
813 3167 961 3234 balsamo
984 3185 1097 3247 meque
1119 3161 1264 3229 indidem
1286 3163 1354 3228 lar·
1463 3153 1464 3166 ¹

179 3273 311 3356 gissime
325 3273 477 3359 perfricat
498 3275 556 3340 sed
578 3276 678 3342 multo
699 3283 789 3343 tanto
812 3277 990 3362 impensius
1007 3295 1109 3356 crura,
1133 3275 1232 3340 etiam
1254 3280 1353 3340 nates

180 3382 345 3468 perfundit
366 3402 465 3449 meas.
509 3390 585 3450 tunc
606 3389 793 3453 exosculata
819 3387 981 3472 pressule,
1010 3406 1076 3452 non
1106 3385 1217 3466 qualia
1244 3384 1279 3449 in
1302 3385 1356 3449 lu·
1462 3435 1463 3444 ,

250 3624 261 3671 1
283 3617 367 3672 lorini
381 3616 412 3680 F,
431 3579 551 3687 lbrlulp
628 3621 721 3673 admit.
739 3619 772 3685 F,
796 3619 942 3690 adnnlbf,
967 3570 1073 3674 admont
1085 3640 1115 3689 F
1210 3623 1238 3673 11
1259 3619 1358 3688 nequa

140 3754 148 3772 ,
181 3706 235 3781 qut
252 3714 369 3773 (aarum
391 3696 407 3775 ⁸)
425 3710 506 3779 posi&
524 3710 609 3766 deme
628 3712 708 3767 suane
724 3713 879 3781 puemreF,
896 3719 925 3768 at
941 3715 986 3768 ille
1004 3709 1146 3783 nequaque
1158 3711 1244 3780 polide
1262 3712 1353 3770 deme

181 3801 449 3874 ‹luaueadd.marp.)
461 3818 574 3872 puenne
592 3826 612 3874 φ
630 3810 670 3870 (ut
687 3805 1043 3879 addidttSpenpeliasMar.
1054 3805 1179 3861 llbenanr'
1195 3806 1354 3863 noaiXVI
1461 3801 1462 3852 ἶ

180 3899 223 3959 36)
296 3899 325 3948 12
344 3897 529 3966 otentulpet
546 3899 698 3964 araride,
723 3899 855 3968 clenffif
942 3905 973 3956 14
990 3900 1026 3954 du
1043 3900 1071 3955 F
1154 3904 1183 3953 15
1202 3913 1301 3968 quanq;
1326 3901 1361 3955 F

180 3994 212 4043 20
230 3989 406 4058 muherein
478 3994 511 4044 24
528 3993 634 4044 temaF
698 3996 729 4044 27
749 3991 859 4046 tantaF
925 4009 1013 4061 crrrra,
1032 3995 1112 4048 etiam
1128 3992 1351 4064 nateer'psr'us:

181 4099 246 4137 cura
259 4088 337 4136 otram
357 4082 472 4137 narelF
508 4130 510 4134 ,
538 4087 571 4137 28
583 4090 651 4156 post
666 4070 740 4138 meai
754 4087 877 4156 seqrrr‘tar
891 4086 968 4141 Tunc
987 4108 993 4154 3
1012 4087 1085 4142 allas
1102 4089 1173 4142 enim
1189 4087 1355 4158 fraenare·

181 4176 255 4246 qaod
263 4173 479 4230 Flmenborstr'ur
495 4177 650 4249 adempsit,
667 4178 810 4232 emendare
821 4177 1009 4250 praepadore
1025 4180 1355 4246 noluitllr’ldebroadr'ue
1460 4179 1461 4186 '

180 4270 381 4324 accuratissime
398 4272 548 4335 enarraret,
566 4287 615 4326 nac
632 4272 696 4326 oola
714 4287 764 4326 nec
780 4272 925 4344 corripiam
942 4274 1104 4346 apparatio
1122 4273 1154 4337 F,
1172 4275 1201 4329 r'a
1217 4275 1351 4346 marqr'ne

180 4360 312 4429 inferiore
328 4380 346 4416 a
364 4380 445 4417 manu
462 4364 568 4418 saecrrlr'
584 4367 678 4434 quarti
693 4364 793 4420 decimi
808 4364 930 4421 additam
947 4375 987 4421 ert
1005 4369 1070 4437 tae
