2934 4900
173 214 178 222 ’
235 214 294 276 108
330 179 335 190 Ι
741 226 833 274 maru
855 226 891 270 vr

232 380 283 446 cui
305 387 337 448 te
359 382 461 448 limite
483 386 680 446 transmeato
702 380 799 445 simul
820 378 1043 460 commiseris,
1058 379 1122 443 iam
1146 381 1261 444 canale
1283 378 1405 444 directo

232 511 349 576 perges
372 492 413 558 ad
436 492 541 576 ipsam
557 491 633 556 Orci
654 491 788 574 regiam.
812 488 950 556 sednon
966 489 1121 554 hactenus
1143 509 1249 554 uacua
1270 489 1404 554 debebis

233 602 388 686 perillus
410 603 559 668 tenebras
581 600 731 666 incedere
754 600 812 667 sed
834 600 916 664 offas
937 600 1087 683 polentae
1109 601 1213 666 mulso
1235 607 1402 664 concretas

232 711 391 778 ambabus
412 718 541 796 gestare
569 711 735 792 manibus,
774 719 807 776 at
834 711 869 775 in
896 711 970 793 ipso
998 729 1054 775 ore
1076 711 1158 775 duas
1181 711 1266 774 11111
1289 710 1401 794 stipes

230 822 359 907 iamque
382 822 525 888 conlecta
546 822 632 887 bona
653 827 746 907 parte
768 821 951 886 mortiferae
966 820 1039 885 uiae
1054 819 1296 885 continuaberis
1311 821 1426 912 ,clau-o

232 931 308 998 dum
344 933 470 999 asinum
506 933 666 1015 lignorum
693 933 840 1016 gerulum
869 951 940 996 cum
968 949 1113 1013 agasone
1143 931 1257 1014 simili,
1288 930 1346 1014 qni
1373 938 1401 994 te

231 1042 358 1126 rogabit
379 1042 557 1112 decidentis
580 1044 727 1111 sarcinae
757 1042 924 1108 fusticulos
946 1042 1074 1124 aliquos
1096 1041 1244 1125 porrigas
1267 1043 1316 1122 ei,
1346 1041 1401 1105 sed

230 1159 265 1217 tu
286 1154 376 1219 nulla
397 1174 475 1220 uoce
497 1153 689 1240 deprompta
710 1153 810 1220 tacita
832 1151 1017 1238 praeterito.
1053 1171 1114 1217 neo
1142 1172 1234 1216 mora
1262 1171 1339 1216 cum
1361 1152 1399 1216 ad
1451 1146 1452 1153 '

230 1261 350 1329 flumen
372 1271 531 1330 mortuum
554 1266 675 1349 uenies,
699 1265 750 1330 cui
771 1265 952 1348 praefectus
974 1262 1104 1328 Charon
1126 1269 1281 1347 protenus
1303 1282 1399 1347 expe·

229 1381 302 1440 tens
325 1375 516 1458 portorium,
547 1377 593 1442 sio
622 1375 665 1440 ad
693 1376 798 1458 ripam
821 1374 1003 1440 ulteriorem
1026 1374 1112 1439 sutili
1134 1373 1251 1438 cumba
1272 1373 1401 1440 deducit
1416 1392 1436 1439 11

229 1492 455 1552 commeantes.
492 1507 569 1570 ergo
607 1491 639 1552 et
663 1486 750 1551 inter
779 1492 920 1551 mortuos
945 1484 1083 1550 auaritia
1107 1487 1190 1551 uiuit
1227 1505 1287 1551 nec
1321 1485 1401 1550 Cha-

229 1615 287 1660 ron
310 1596 371 1660 1111
400 1603 432 1661 11
453 1597 539 1663 Ditis
567 1604 674 1681 pater,
711 1603 821 1662 tantus
842 1595 939 1677 deus,
973 1596 1142 1678 quicquam
1164 1597 1304 1680 gratuito
1327 1598 1401 1662 facit

230 1712 279 1772 set
300 1708 440 1774 moriens
471 1728 594 1792 pauper
629 1707 783 1772 uiaticum
816 1706 913 1772 debet
941 1725 1097 1790 quaerere
1124 1714 1155 1772 et
1183 1727 1240 1772 aes
1261 1709 1291 1773 si
1320 1709 1399 1772 forte

229 1837 310 1901 prae
331 1838 429 1882 manu
450 1838 515 1882 non
537 1819 640 1900 luerit,
664 1839 759 1884 nemo
782 1837 855 1883 eum
870 1817 1020 1900 expirare
1041 1816 1190 1901 patietur.
1212 1817 1288 1882 huic
1303 1839 1398 1901 squa-

230 1926 297 1992 lido
321 1930 392 1994 seni
415 1927 508 1994 dabis
531 1930 620 1994 nauli
648 1929 779 1994 nomine
810 1929 851 1993 de
887 1927 1025 2010 stipibus
1054 1947 1135 2011 quas
1158 1928 1241 1993 feres
1263 1929 1398 1993 alteram
1414 1938 1434 1984 b

230 2037 276 2102 sio
299 2045 407 2104 tamen
430 2045 464 2102 ut
485 2039 555 2123 ipse
578 2059 638 2104 sua
661 2059 758 2104 mauu
781 2039 821 2104 de
842 2045 896 2102 tuo
921 2045 1026 2104 sumat
1048 2058 1113 2104 ore.
1135 2057 1195 2103 nec
1217 2039 1318 2104 setius
1341 2039 1398 2104 tibi

230 2147 356 2231 pigrum
379 2149 532 2214 fluentum
554 2150 768 2215 transmeauti
790 2149 922 2232 quidam
951 2156 1166 2233 supernatans
1194 2168 1295 2214 senex
1316 2171 1396 2214 mor·

229 2264 303 2324 tuus
335 2259 438 2342 putris
471 2259 631 2326 adtollens
659 2280 776 2326 manus
807 2259 913 2324 orabit
941 2269 976 2324 ut
1011 2279 1085 2324 eum
1120 2259 1206 2323 intra
1234 2261 1397 2342 nauigium

73 2377 197 2442 XVIIII
226 2367 338 2434 trahas
359 2389 419 2435 uec
442 2375 476 2434 tu
497 2376 605 2435 tamen
628 2370 753 2435 inlicita
775 2368 947 2435 adflectare
976 2370 1106 2453 pietate.
1143 2371 1278 2436 transito
1300 2369 1397 2435 fluuio

229 2480 390 2545 modicum
412 2488 444 2546 te
466 2501 672 2566 progressam
694 2482 846 2571 textrices
861 2480 999 2546 orabunt
1019 2501 1101 2547 anus
1115 2483 1212 2546 telam
1229 2488 1395 2564 struentes,
1411 2496 1434 2544 11

228 2610 344 2657 manus
374 2592 541 2677 paulisper
572 2591 813 2675 accommodes,
847 2610 907 2656 nec
939 2591 974 2657 id
1002 2598 1111 2657 tamen
1132 2592 1193 2657 tibi
1214 2593 1397 2675 contingere

227 2696 278 2767 ias
300 2709 359 2767 est.
382 2722 458 2766 nam
480 2703 561 2768 haec
583 2702 694 2767 omnia
713 2702 773 2767 tibi
795 2709 828 2767 et
848 2703 950 2767 multa
970 2702 1038 2767 alia
1057 2700 1247 2768 deveneris
1268 2702 1396 2767 insidiis
1410 2710 1456 2798 [ur

227 2812 374 2879 orientur
396 2818 430 2877 ut
452 2814 504 2879 uel
526 2834 623 2879 unam
646 2812 687 2877 de
709 2813 859 2878 manibus
882 2813 1011 2879 omittas
1040 2813 1180 2877 offulam.
1217 2832 1277 2877 nec
1303 2819 1395 2897 putes

225 2922 317 2987 futile
339 2922 425 2989 istud
447 2924 662 3007 polentacium
685 2923 838 2988 damnum
860 2924 941 2989 leue.
965 2924 1068 2989 altera
1083 2924 1168 2988 enim
1191 2922 1317 3007 perdita
1337 2923 1394 2985 lux

223 3034 305 3098 baec
324 3034 382 3098 tibi
398 3054 530 3118 prorsus
545 3026 768 3117 denegabitur.
784 3034 875 3100 oanis
889 3053 1029 3118 namque
1043 3032 1257 3118 praegrandis
1271 3032 1393 3113 teriugo
1408 3051 1432 3099 11

183 3158 184 3163 ’
226 3151 257 3209 11
280 3144 360 3210 satis
383 3145 490 3229 amplo
513 3146 618 3229 capite
640 3144 816 3228 praeditus,
839 3144 991 3210 immanis
1005 3150 1038 3209 11
1052 3143 1266 3209 formidabilis
1280 3150 1393 3207 tonan-

224 3254 309 3320 tibus
332 3255 498 3321 oblatrans
519 3254 665 3321 lauoibus
687 3261 847 3337 mortuos,
877 3255 993 3335 quibus
1022 3254 1086 3319 iam
1114 3254 1162 3318 nil
1192 3254 1269 3319 mali
1290 3258 1393 3337 potest

223 3364 348 3445 iacere,
371 3364 490 3431 frustra
511 3364 687 3430 territando
716 3372 792 3431 ante
819 3366 925 3449 ipsum
947 3364 1046 3430 limen
1068 3371 1100 3429 11
1121 3371 1193 3428 atra
1214 3364 1296 3429 atria
1315 3362 1392 3425 Pro

225 3474 376 3557 serpinae
398 3495 525 3560 semper
547 3476 711 3543 excubans
735 3482 843 3541 seruat
869 3495 1006 3539 uacuam
1029 3475 1114 3540 Ditis
1136 3474 1275 3538 domum.
1305 3472 1389 3537 bunc

126 3568 128 3573 ¹
226 3584 416 3649 offrenatum
439 3586 533 3651 unius
557 3586 674 3651 ollulae
696 3586 820 3670 praeda
849 3586 944 3649 facile
966 3584 1175 3669 praeteribis,
1203 3584 1245 3649 ad
1274 3584 1389 3665 ipsam·
1405 3593 1432 3641 to

225 3713 287 3777 que
310 3696 456 3778 protinus
479 3696 706 3781 Proserpinam
729 3696 893 3775 introibis,
931 3714 1015 3779 quae
1042 3702 1074 3761 te
1103 3694 1236 3759 comiter
1257 3692 1390 3775 excipiet

293 3955 369 4008 lcui
388 3954 530 4011 Floridus:
552 3955 631 4015 curui
647 3955 689 4023 Fp
776 3953 880 4020 direpto
906 3952 947 4019 Fp
1033 3947 1185 4001 thorcrl'
1269 3941 1392 4005 acten3F

222 4058 237 4109 3
256 4053 373 4121 pollente
386 4051 411 4100 F
476 4054 491 4101 5
513 4048 677 4103 otmuaueml
693 4047 740 4106 F„
786 4049 799 4097 'l
819 4044 933 4113 rogalbrt
950 4044 1024 4096 sar
1090 4039 1237 4093 decidentis
1250 4036 1389 4091 Gyareus:

222 4145 356 4209 deoldenb
375 4144 416 4213 For
507 4146 582 4196 1111
605 4140 676 4195 Ditis
699 4139 814 4210 scapo.-
840 4137 902 4191 (11111
925 4141 952 4188 et
974 4134 1002 4188 F
1087 4139 1115 4189 13
1135 4131 1169 4185 l&
1193 4134 1232 4186 sic
1249 4132 1274 4182 F
1359 4130 1387 4178 18

221 4264 308 4333 putul
322 4264 353 4331 f:
376 4269 466 4331 pntma
491 4262 516 4311 F
538 4264 574 4324 (et
598 4262 661 4313 oute
684 4262 812 4324 corrig
900 4215 1063 4310 11111101Ὶ
1146 4256 1179 4305 20
1197 4248 1328 4320 progrelit
1343 4245 1389 4311 F?

222 4387 255 4437 25
274 4384 408 4445 conantum
426 4383 471 4451 Fp
558 4338 730 4438 11111111
