2934 4900
245 233 303 296 152
741 249 835 296 uisas
857 248 918 295 vm

240 402 302 470 tice
324 401 499 484 peruolant
527 400 645 483 diuque
674 399 778 482 capite
813 399 953 466 demisso
981 399 1123 466 ceruices
1151 399 1280 465 lubricis
1307 399 1389 464 intor-

242 517 377 594 quentes
406 510 543 576 motibus
571 511 741 594 crinesque
776 509 934 595 pendulos
972 510 1005 575 in
1033 510 1186 575 circulum
1214 517 1348 575 rotantes
1366 516 1390 573 et

241 641 306 686 non
328 640 491 704 nunquam
513 621 672 686 morsibus
702 639 778 686 suos
813 610 1014 686 incursantes
1042 621 1204 686 musculos
1226 618 1269 684 ad
1288 627 1389 704 postue

242 751 328 794 mum
349 729 481 814 ancipiti
503 731 586 797 serro
609 730 694 813 quod
716 730 888 814 gerebant,
917 750 978 797 sua
999 730 1135 814 quisque
1163 729 1295 795 brachia
1314 730 1390 796 dissi-

241 847 324 905 cant.
367 841 450 905 inter
479 840 560 905 baec
587 863 672 907 unus
694 861 735 906 ex
762 841 828 906 illis
849 840 1023 906 bacchatur
1052 841 1186 906 effusius
1215 861 1254 905 ac
1275 839 1314 904 de
1333 840 1415 903 inuisi

240 951 437 1036 praecordiis
473 951 635 1018 anhelitus
672 953 800 1018 crebros
836 951 980 1018 referens
1008 952 1097 1016 uelut
1124 951 1265 1018 numinis
1296 950 1387 1014 diuino

240 1062 353 1146 spiritu
385 1061 527 1145 repletus
561 1061 733 1128 simulabat
760 1062 902 1126 sauciam
930 1061 1135 1126 uaecordiam
1163 1082 1294 1146 prorsus
1314 1059 1388 1142 quasi

239 1172 333 1236 deum
356 1172 541 1255 praesentia
563 1174 688 1239 soleant
716 1172 863 1238 homines
890 1191 956 1238 non
993 1172 1044 1238 sui
1080 1172 1150 1237 fieri
1177 1172 1324 1237 meliores
1343 1168 1388 1234 scd

89 1267 227 1333 XXVIII
241 1279 366 1346 debiles
388 1279 469 1345 esfioi
492 1283 544 1346 uel
567 1259 697 1364 aegroti.
743 1288 854 1367 specta
874 1282 1013 1364 denique
1034 1283 1129 1363 quale
1151 1281 1284 1348 caelesti
1303 1278 1388 1364 proui-

239 1389 350 1458 dentia
371 1391 517 1456 meritum
539 1393 758 1475 reportauerit.
781 1393 851 1456 infit
873 1393 1104 1465 uaticinatioue
1118 1393 1260 1457 clamosa
1273 1390 1387 1454 conficto
1405 1396 1427 1443 ΙΙΙ·

238 1500 406 1594 mendacio
429 1509 531 1567 semet
551 1503 658 1584 ipsum
689 1504 853 1569 incessere
875 1509 973 1587 atque
1000 1503 1162 1568 criminari
1185 1501 1276 1583 quasi
1297 1508 1390 1565 contra

238 1613 287 1677 fas
325 1619 456 1677 sanctae
491 1612 653 1692 religionis
689 1611 894 1695 designasset
930 1613 1052 1695 aliquid
1081 1618 1113 1678 et
1148 1613 1281 1696 insuper
1305 1611 1390 1674 iustas

237 1741 363 1807 poenas
399 1721 489 1786 noxii
524 1721 675 1814 saciporis
711 1723 783 1809 ipse
816 1723 857 1789 de
886 1743 923 1790 se
955 1724 1024 1789 suis
1053 1722 1203 1788 manibus
1226 1738 1390 1806 exposcere.

238 1840 366 1916 arrepto
388 1831 527 1914 denique
548 1831 649 1915 flagro
672 1832 758 1914 quod
779 1834 941 1901 semiuiris
969 1834 1035 1900 illis
1056 1834 1221 1918 proprium
1242 1841 1390 1915 gestamen

239 1949 303 2023 est,
334 1941 485 2008 contortis
517 1943 601 2008 teuis
633 1943 738 2008 lanosi
766 1943 896 2010 uelleris
917 1945 1042 2028 prolixe
1063 1943 1256 2007 fimbriatum
1278 1949 1308 2007 et
1326 1941 1392 2003 mul·
1407 1952 1426 1999 u

237 2051 346 2133 tiiugis
368 2052 444 2116 talis
467 2039 573 2116 ouium
588 2059 782 2119 tesseratum
803 2054 948 2119 indidem
963 2073 1037 2121 sese
1057 2052 1244 2119 multinodis
1259 2051 1390 2116 commul-

237 2169 288 2226 cat
316 2162 432 2226 ictibus
456 2161 535 2236 mire
564 2169 674 2227 contra
700 2165 870 2246 plagarum
903 2163 1031 2230 dolores
1060 2163 1317 2248 praesumptione
1335 2181 1391 2223 mu·

236 2272 332 2338 nitus.
377 2290 525 2338 cerneres
554 2280 700 2356 prosectu
728 2272 908 2357 gladiorum
944 2275 1072 2356 ictuque
1103 2273 1276 2356 flagrorum
1302 2272 1390 2337 solun

238 2381 388 2467 spurcitie
411 2382 578 2466 sanguinis
601 2383 776 2448 effeminati
797 2384 992 2451 madescere.
1037 2404 1119 2467 quae
1148 2403 1200 2451 res
1233 2381 1391 2447 incutiebat

165 2578 169 2589 ι
221 2475 317 2557 'mibi
339 2513 404 2557 non
425 2513 560 2577 paruam
582 2494 830 2561 sollicitudinem
851 2495 974 2561 uidenti
995 2502 1042 2560 tot
1062 2494 1249 2561 uulneribus
1270 2493 1386 2575 largiter
1404 2506 1426 2553 a

238 2603 402 2686 profusum
424 2622 568 2669 eruorem
590 2623 694 2686 nequo
717 2624 795 2671 casu
817 2605 899 2671 deae
919 2606 1112 2691 peregrinae
1135 2604 1330 2686 stomachus,
1361 2609 1390 2664 ut

237 2711 436 2794 quorundam
459 2714 622 2779 homiuum
644 2716 760 2780 lactem
788 2716 920 2781 sibilla
948 2717 1138 2799 sanguinem
1170 2715 1392 2801 concupisceret

236 2822 409 2889 asininum.
433 2823 491 2889 sed
512 2824 568 2888 ubi
589 2824 719 2891 tandem
741 2826 866 2909 fatigati
888 2828 941 2891 uel
963 2833 1049 2892 certe
1072 2847 1128 2894 suo
1151 2804 1279 2891 laniatd
1294 2822 1388 2890 satiati

235 2954 372 3018 pausam
395 2934 601 3000 carnificinae
616 2935 743 3017 dedere,
767 2936 868 3020 stipes
890 2956 1004 3003 aereas
1026 2937 1122 3001 immo
1137 2956 1215 3001 uero
1237 2942 1269 3000 et
1289 2951 1389 3016 angen·

236 3051 307 3110 teas
331 3045 440 3109 multis
462 3044 607 3109 certatim
630 3044 836 3111 offerentibus
859 3046 932 3111 sinu
953 3065 1104 3130 recepere
1125 3048 1235 3131 patulo
1256 3064 1315 3110 nec
1334 3061 1388 3107 non
1404 3046 1423 3094 a

237 3161 269 3219 et
290 3151 357 3217 uiui
380 3152 494 3217 eadum
517 3160 549 3219 et
570 3155 685 3221 lactem
708 3163 741 3221 et
762 3175 874 3221 caseos
896 3164 928 3222 et
949 3157 1044 3223 farris
1066 3164 1098 3223 ct
1119 3157 1259 3239 siliginis
1280 3149 1388 3237 aliquid
1403 3151 1439 3219 [rut

236 3272 267 3327 et
290 3283 354 3327 non
376 3264 474 3329 nullis
496 3262 650 3330 hordeum
672 3265 753 3331 deae
779 3267 889 3349 gerulo
923 3266 1118 3333 donantibus
1149 3266 1256 3333 auidis
1284 3262 1387 3331 animis

236 3372 448 3439 comedentes
471 3374 580 3439 omnia
616 3380 648 3441 et
682 3376 717 3440 in
746 3378 892 3443 sacculos
918 3377 993 3441 huic
1015 3378 1162 3458 quaestui
1184 3376 1225 3441 de
1246 3373 1391 3442 industria

306 3580 315 3627 l
338 3576 460 3643 *puolant
486 3577 523 3641 (ia
545 3592 600 3630 ros-
623 3575 682 3646 suit
698 3584 726 3646 p)
750 3577 783 3644 F,
809 3578 953 3646 prouolant
978 3579 1092 3632 coniecit
1116 3576 1272 3633 Sorircere'as
1352 3576 1390 3628 3i

235 3690 356 3763 nunlqub
373 3695 401 3748 F
483 3695 623 3751 sobachai
641 3696 669 3749 F
750 3700 885 3751 buumun
902 3697 946 3766 For
1036 3660 1119 3750 adm
1135 3701 1153 3758 (ι
1170 3696 1234 3752 add.
1252 3716 1323 3753 marr.
1340 3680 1431 3750 secl¹

236 3786 372 3857 F,ier1p
461 3793 491 3842 10
511 3788 608 3843 coficto
623 3810 662 3898 p.-
681 3787 816 3899 eflrctocF
882 3795 912 3843 12
931 3789 1091 3859 drmgnasru
1106 3791 1151 3860 Fp
1234 3796 1264 3847 13
1281 3786 1393 3862 penasF

235 3868 299 3960 nord
318 3907 346 3959 F
429 3911 458 3960 15
477 3909 547 3977 tems
563 3907 601 3972 F,
625 3910 698 3975 genii
714 3930 748 3979 φ,
772 3925 794 3963 c.
812 3910 899 3977 tegnrs
923 3908 987 3962 add.
1005 3925 1092 3981 scarp.
1116 3929 1151 3977 φ,
1179 3910 1275 3965 taeniis
1292 3907 1391 3965 cosmed

238 3998 446 4070 Oudendorpius
522 4004 552 4053 16
570 4001 628 4054 tab·
646 4002 712 4071 (fait
728 4002 789 4067 llF,
807 4003 905 4071 tahsp
974 3999 1055 4057 ourub
1072 3994 1096 4068 (⁸
1107 4019 1223 4057 erasum.
1236 4019 1320 4074 super
1335 4014 1389 4055 oum

234 4108 341 4145 erocum
359 4096 389 4145 as
406 4092 461 4145 oid.
487 4088 559 4157 eund)
578 4094 615 4158 F,
642 4090 743 4163 cunio
811 4094 964 4148 multmodrs
986 4098 1009 4160 (s
1024 4096 1087 4149 odd.
1113 4112 1184 4149 maa.
1206 4096 1332 4156 remoaldo)
1349 4092 1384 4158 Fo

236 4190 267 4238 19
286 4200 326 4238 cre
345 4186 372 4239 in
390 4185 518 4253 spurcrcre
536 4187 564 4239 io
581 4202 636 4242 ras.
654 4205 672 4241 c
688 4188 1298 4259 manuscr.scriptcm‚spurcn1adalecamsa
1314 4200 1387 4253 morc-

234 4277 265 4339 F,
294 4278 419 4345 spurcitia
436 4294 507 4333 corr.
535 4279 562 4333 ia
581 4280 705 4347 spurcitie
722 4282 788 4350 lap
881 4282 1014 4349 sangumrs
1030 4282 1083 4351 sp:
1111 4284 1236 4350 sangmpe
1252 4290 1284 4336 ut
1299 4274 1387 4335 uicti7

235 4369 386 4424 madescere
402 4371 436 4442 f:
454 4371 577 4427 adescere
594 4372 638 4443 Fp
723 4377 756 4427 22
775 4375 974 4443 concupisceret
991 4374 1159 4431 Beroaldus:
1183 4375 1309 4446 ospreersc
1324 4371 1350 4427 F
