2934 4900
250 207 290 268 90
761 222 854 269 amar
876 223 898 268 v

246 394 304 457 pro
341 379 396 437 tua
432 371 650 437 incolumitate
685 374 863 456 periculum
891 375 1020 458 quidem
1049 375 1170 439 nullum
1198 380 1274 439 ante
1304 375 1406 438 oculos

246 483 367 548 habere
389 484 566 566 compellit,
596 483 682 549 uiam
711 505 775 567 qua
803 485 882 550 sola·
895 485 1026 551 deducit
1052 486 1111 552 iter
1133 484 1177 548 ad
1198 486 1337 550 salutem
1358 484 1406 547 diu

200 617 203 630 ·
247 593 370 674 diuque
400 595 571 677 cogitatam
600 595 851 664 monstrabimus
882 595 951 660 tihi.
989 596 1179 661 nouaculam
1207 602 1406 683 praeacutam

253 705 391 788 adpulsu
415 705 511 768 ctiam
533 705 697 788 palmulae
718 706 868 771 lenientis
890 713 1114 790 exasperatam
1142 706 1202 769 tori
1232 725 1297 788 qua
1324 713 1407 788 parte

247 818 366 882 cubare
396 817 555 880 consuesti
592 816 731 881 latenter
762 816 926 882 absconde
963 818 1191 900 lucernamque
1228 816 1429 879 concinnens>

251 928 440 1013 completam
463 927 534 991 oleo
557 927 647 990 claro
669 925 790 992 lumine
811 928 1061 1012 praemicantem
1084 925 1186 992 subde
1200 926 1320 1009 aliquo„
1334 926 1407 988 clau-

248 1037 505 1104 dentis‘aululae
528 1036 669 1119 tegmine
691 1037 842 1120 omnique
863 1038 926 1103 istc
942 1045 1101 1122 apparatu
1123 1035 1330 1102 tenacissime
1353 1035 1407 1099 dis·

252 1149 400 1234 simulato
429 1153 600 1231 postquam
629 1147 770 1213 sulcatos
803 1147 970 1214 intrahens
1002 1167 1135 1228 gressus
1163 1146 1267 1211 cubile
1289 1145 1407 1212 solitum

248 1258 471 1325 conscenderit
492 1257 620 1340 iamque
642 1265 808 1341 porrectus
830 1265 863 1322 et
884 1258 1015 1323 exordio
1039 1258 1143 1323 somni
1164 1257 1342 1342 prementis
1362 1256 1408 1317 im·

248 1371 376 1454 plicitus
400 1369 498 1433 altum
528 1387 676 1452 soporem
709 1367 788 1433 flare
821 1369 976 1454 coeperit,
1005 1376 1074 1432 toro
1105 1366 1241 1451 delapsa
1267 1365 1408 1446 nudoque
1423 1385 1439 1434 0

250 1481 387 1562 uestigio
409 1479 566 1561 pensilem
589 1478 724 1562 gradum
748 1478 949 1562 paullulatim
961 1479 1113 1544 minuens
1128 1496 1244 1542 caecae
1266 1477 1408 1542 tenebrae

249 1589 395 1657 custodia
416 1589 555 1654 liberata
575 1590 707 1654 lucerna
727 1588 886 1673 praeclari
908 1588 954 1652 tui
976 1588 1126 1654 facinoris
1149 1587 1407 1672 opportunitatem

251 1703 291 1767 de
312 1700 443 1765 luminis
467 1699 602 1766 consilio
618 1706 763 1764 mutuare
779 1706 810 1764 et
824 1698 957 1783 ancipiti
978 1700 1042 1763 telo
1064 1698 1119 1762 1110
1142 1697 1310 1763 audaciter
1332 1697 1408 1782 prius

250 1813 383 1878 dextera
399 1831 525 1876 sursum
546 1810 631 1874 elata
651 1810 725 1875 nisu
749 1830 846 1893 quam
875 1809 984 1874 ualido
1008 1808 1095 1874 noxii
1118 1808 1277 1892 serpentis
1300 1807 1407 1872 nodum

251 1923 385 1988 ceruicis
409 1930 440 1985 et
462 1920 577 2004 capitis
600 1919 764 1985 abscinde.
787 1940 847 1984 nec
869 1927 1013 1986 nostrum
1034 1919 1095 1984 tibi
1117 1917 1219 1984 deerit
1240 1918 1407 1985 subsidium
1422 1927 1438 1973 0

251 2033 310 2098 scd
333 2053 403 2097 cum
426 2031 564 2114 primum
587 2029 675 2096 illius
691 2037 792 2096 morte
808 2031 946 2096 salutem
959 2029 1019 2095 tibi
1041 2029 1165 2112 leceris,
1187 2029 1306 2094 anxiae
1328 2045 1408 2113 prac-

252 2143 439 2209 stolabimus
474 2140 660 2224 cunctisque
693 2140 764 2206 istis
786 2141 875 2206 ocius
897 2145 1001 2205 tecum
1025 2140 1135 2204 relatis
1158 2139 1276 2205 uotiuis
1299 2138 1407 2222 nuptiis

252 2254 416 2318 hominem
437 2259 469 2316 te
491 2251 661 2333 iungemus
684 2245 826 2316 homini.²
901 2335 903 2342 Ι

150 2357 231 2422 XXI
338 2363 411 2426 Tali
434 2361 604 2426 uerborum
627 2360 776 2426 incendio
791 2360 956 2424 flammata
970 2359 1097 2425 uiscera
1111 2359 1231 2425 sororis
1244 2358 1310 2422 iarn
1331 2375 1407 2441 pror-

252 2496 306 2541 sus
336 2472 489 2539 ardentis.
524 2472 710 2539 deserentes
732 2474 838 2555 ipsam
867 2472 1022 2555 protinus,
1044 2470 1127 2553 tanti
1149 2471 1225 2534 mali
1248 2468 1407 2533 confinium
1419 2469 1438 2518 ‘ll

256 2586 319 2651 sibi
351 2584 448 2649 etiam
482 2584 598 2648 eximie
619 2589 808 2664 metuentes,
838 2582 934 2648 flatus
961 2582 1048 2646 alitis
1070 2581 1211 2664 impulsu
1234 2580 1328 2645 solito
1349 2596 1407 2660 por·

251 2700 358 2759 rectae
381 2713 478 2778 super
514 2694 680 2777 scopulum
702 2694 777 2757 ilico
799 2692 922 2776 pernici
945 2712 981 2757 se
1002 2692 1078 2774 suga
1098 2691 1279 2775 proripiunt
1301 2685 1407 2754 statim·

251 2825 313 2889 que
334 2804 518 2871 conscensis
540 2803 677 2869 nauibus
700 2803 828 2869 abeunt.

335 2918 377 2982 At
387 2915 514 3000 Psyche
527 2915 639 2979 relicta
651 2914 720 2980 sola
733 2913 797 2978 nisi
809 2912 895 2997 quod
905 2912 1031 2978 infestis
1041 2911 1132 2976 furiis
1142 2910 1266 2993 agitata
1277 2910 1345 2977 sola
1355 2926 1407 2972 000

252 3036 308 3110 001,
322 3034 415 3095 00010
428 3026 536 3111 pelagi
555 3025 659 3091 simile
671 3023 845 3089 maerendo
859 3022 990 3087 fluctuat
1005 3030 1037 3087 et
1051 3020 1200 3105 quamuis
1215 3027 1332 3087 statuto
1348 3038 1405 3081 cou-
1419 3026 1438 3074 n

252 3139 323 3204 silio
338 3144 369 3201 et
380 3136 539 3201 obstinato
556 3137 672 3217 animo,
683 3136 749 3199 iam
763 3141 871 3199 tamen
881 3131 1014 3197 facinori
1028 3152 1104 3198 suas
1114 3151 1230 3196 manus
1244 3130 1406 3195 admoneus

252 3247 485 3312 adhucincerta
500 3245 624 3311 consilii
633 3246 749 3310 titubat
755 3244 927 3327 multisque
941 3243 1134 3308 calamitatis
1145 3260 1224 3308 suae
1235 3239 1408 3306 distrahitur
1419 3249 1441 3315 [1

255 3357 432 3423 affectibus.
470 3357 601 3422 festinat
632 3354 739 3421 differt
768 3354 866 3420 audet
897 3352 1038 3437 trepidat
1065 3352 1183 3417 diffidit
1211 3352 1357 3418 irascitur
1375 3354 1405 3418 et

255 3468 341 3551 quod
365 3473 414 3532 est
436 3467 590 3553 ultimum,
614 3467 649 3529 in
671 3465 784 3531 eodem
807 3484 940 3549 corpore
962 3462 1030 3527 odit
1051 3463 1207 3543 bestiam,
1230 3460 1336 3544 diligit
1355 3477 1406 3522 ma-

254 3579 360 3642 ritum.
397 3596 536 3661 uespera
557 3582 666 3642 tamen
695 3575 762 3640 iam
783 3583 908 3641 noctem
930 3574 1077 3640 trahente
1099 3572 1270 3655 praecipiti
1291 3571 1437 3638 festina-tt

324 3895 335 3943 1
355 3890 548 3944 incolumitate.
566 3892 598 3954 F,
616 3889 836 3956 rncclumrtatec
888 3887 945 3940 ullu
963 3885 1006 3953 Fc
1075 3888 1090 3937 2
1110 3874 1164 3951 qua
1181 3882 1310 3938 chru'as:
1328 3876 1408 3951 quel

255 3988 269 4037 5
288 3984 389 4043 cubare
406 3986 445 4037 sic
463 3985 505 4051 Fp
575 3987 588 4035 t
608 3981 696 4051 001010
714 3986 746 4035 at
762 3981 817 4035 uid.
829 3982 860 4046 F,
877 3979 970 4050 tabule
980 3978 1005 4049 f,
1023 3976 1124 4049 tabullc
1141 3993 1229 4047 maro.
1248 3980 1280 4040 F,
1297 3975 1404 4038 aulrrlec

255 4078 390 4131 81010010
409 4077 437 4130 F
457 4084 484 4130 et
505 4081 568 4130 cate
594 4091 709 4143 corae
795 4074 971 4142 9000001101
992 4078 1081 4134 (aare
1104 4072 1254 4132 010111)
1280 4069 1308 4123 F
1381 4066 1404 4115 10

255 4169 347 4223 efflare
372 4170 487 4225 coniecit
502 4168 618 4222 Iahnius
704 4168 805 4237 ceperit
820 4168 846 4218 F
938 4171 964 4219 11
985 4152 1116 4234 pullulati
1139 4165 1186 4234 Fp
1281 4168 1308 4217 11
1334 4154 1403 4221 ocius]

256 4264 331 4315 10001
346 4263 390 4332 Fp
460 4266 492 4315 20
510 4262 567 4331 ipsa
584 4261 615 4327 F,
634 4263 726 4330 rptap
814 4262 985 4322 3010010(-
1015 4258 1404 4313 10000αᾶ10000οΜ-

256 4354 302 4417 da,
318 4354 366 4408 sed
382 4371 461 4409 00000
477 4356 574 4425 suerat
590 4354 701 4426 scirpula
723 4340 746 4422 ⁸)
764 4354 789 4413 F
854 4354 978 4407 trahente
995 4384 1005 4407 a
1021 4352 1127 4423 (fuerat
1144 4358 1180 4418 m)
1198 4352 1223 4402 F
