2934 4900
552 221 624 268 cnr.
649 219 806 267 vnr-xn
1240 204 1258 263 7

85 372 212 436 laturos
242 371 434 437 subsidium.
472 379 504 437 et
532 374 578 438 sio
607 373 664 438 illa
691 373 869 459 propitiata
895 380 994 439 totam
1021 374 1183 441 ciuitatem
1206 370 1260 435 ab·

86 483 197 548 soluit.
235 487 268 545 at
298 502 375 548 uero
405 489 514 550 coetus
543 483 630 550 illius
659 491 823 550 auctorem
851 491 944 550 nocte
972 485 1168 568 intempesta
1189 502 1261 547 cum

85 599 156 658 tota
185 589 280 656 domo
302 591 337 656 id
358 600 423 660 esti
436 593 613 678 parietibus
641 605 672 660 et
694 595 766 679 ipso
795 596 864 661 solo
885 602 917 660 et
939 597 1027 660 omni
1054 592 1261 661 fundamento

86 708 122 766 ut
158 707 229 766 erat
260 703 372 769 clausa
405 703 447 768 ad
482 705 691 770 centesimum
723 705 866 790 lapidem
898 705 932 770 in
968 706 1066 770 aliam
1098 704 1261 770 ciuitatem
1355 681 1361 688 ’

52 829 67 876 5
86 833 217 880 summo
235 815 355 879 uertice
380 815 498 880 montis
517 815 702 899 exasperati
720 815 816 882 sitam
836 823 868 881 et
888 815 929 881 ob
943 816 977 881 id
990 817 1032 881 ad
1054 834 1157 900 aquas
1172 813 1263 880 steri·

1 925 67 983 ΝΠ]
88 929 156 992 lem
170 925 345 991 transtulit.
383 931 416 990 ct
431 926 582 1007 quoniam
599 925 702 992 densa
723 926 972 992 inhabitantium
994 925 1262 992 aedificialocum
1289 1015 1292 1018 ἡ

86 1056 175 1102 nouo
191 1035 312 1120 hospiti
327 1055 392 1102 non
406 1035 538 1120 dabant,
561 1032 635 1103 ante
657 1043 783 1121 portam
806 1038 950 1122 proiecta
971 1037 1065 1102 domo
1086 1024 1260 1125 discessit’

174 1142 283 1212 ‘Mira'
318 1147 450 1230 inquam
482 1141 555 1213 ‘neo
583 1148 689 1214 minus
718 1167 818 1214 saeua
844 1148 889 1212 mi
917 1147 1065 1214 Socrates
1093 1166 1263 1213 memoras.
1283 1148 1333 1212 XI

88 1259 234 1341 denique
270 1257 349 1322 milri
385 1277 511 1342 quoque
543 1279 609 1322 non
646 1278 782 1341 paruam
814 1259 981 1324 incussisti
1016 1257 1263 1324 sollicitudinem

38 1379 70 1428 10
90 1372 191 1435 immo
215 1387 292 1434 uero
314 1369 527 1450 formidinem,
550 1367 667 1433 iniecto
683 1389 749 1433 non
764 1368 914 1453 scrupulo
937 1368 995 1435 scd
1015 1369 1138 1449 lancea,
1160 1386 1266 1451 nequo

90 1479 237 1547 numinis
266 1479 443 1545 ministerio
472 1478 619 1544 similiter
646 1499 708 1545 usa
736 1498 901 1545 sermones
929 1479 1009 1546 istos
1037 1485 1164 1546 nostros
1185 1497 1267 1543 anus

91 1593 151 1657 illa
166 1596 349 1674 cognoscat.
385 1590 497 1672 itaque
518 1590 673 1655 maturius
689 1590 789 1673 quieti
811 1610 871 1656 nos
886 1609 1080 1674 reponamus
1102 1596 1134 1653 ct
1155 1608 1266 1655 somno

90 1705 205 1768 leuata
220 1699 413 1766 lassitudine
428 1700 531 1765 noctis
548 1698 707 1765 antelucio
727 1700 931 1782 aufugiamus
953 1699 1049 1766 istinc
1071 1719 1168 1783 quam
1189 1704 1267 1783 puta

92 1802 309 1896 longissime’

41 1924 71 1972 ¹5
179 1923 271 1988 Haec
300 1921 405 1986 adhuc
435 1939 485 1986 mc
514 1919 671 1987 suadente
700 1920 833 1986 insolita
859 1920 1036 1986 uinolentia
1058 1939 1097 1986 ac
1117 1918 1268 1987 diuturna

6 2096 14 2117 ,
91 2033 285 2119 fatigatione
307 2037 538 2116 pertemptatus
572 2031 675 2096 bonus
699 2031 848 2096 Socrates
881 2031 947 2094 iam
969 2031 1093 2115 sopitus
1115 2029 1269 2097 stertebat

93 2147 204 2212 altius.
242 2163 302 2226 ego
330 2161 406 2207 uero
437 2141 576 2207 adducta
604 2141 672 2206 fore
701 2141 905 2224 pessulisque
934 2141 1070 2207 firmatis
1098 2140 1269 2225 grabatulo

94 2258 195 2323 ctiam
225 2273 310 2340 pone
339 2252 489 2318 cardines
518 2251 685 2336 supposito
714 2257 747 2317 et
774 2251 874 2335 probe
902 2251 1038 2335 adgesto
1067 2271 1165 2335 super
1197 2270 1270 2316 eum

93 2387 147 2432 mc
170 2365 300 2451 recipio.
338 2383 376 2428 ac
403 2363 542 2446 primum
570 2381 649 2444 prae
678 2368 763 2426 metu
791 2362 1026 2446 aliquantisper
1047 2363 1163 2446 uigilo,
1194 2361 1270 2427 dein

40 2482 74 2531 20
95 2481 183 2543 circa
222 2476 350 2541 tertiam
379 2474 478 2539 ferme
508 2474 653 2557 uigiliam
681 2474 847 2557 paululum
876 2473 1020 2539 coniueo.
1070 2472 1271 2538 commodum

95 2590 286 2673 quieucram
315 2591 346 2651 ct
375 2590 507 2669 repente
534 2584 676 2667 impulsu
704 2583 825 2649 maiore
854 2603 951 2667 quam
980 2589 1014 2647 ut
1041 2584 1183 2650 latrones
1206 2602 1271 2648 cre·

96 2701 195 2765 dcres
218 2698 336 2761 ianuae
358 2699 557 2775 reserantur,
580 2693 677 2758 immo
699 2713 777 2759 uero
799 2694 909 2759 fractis
932 2700 963 2759 et
985 2694 1106 2760 euolsis
1128 2692 1271 2758 funditus

96 2808 287 2876 cardinibus
320 2812 575 2890 prosternuntur.
626 2803 815 2887 grabatulus
848 2804 992 2885 alioquin
1026 2804 1208 2868 breuiculus
1241 2809 1273 2867 et

96 2941 161 2986 uno
184 2918 270 3005 pede
285 2917 415 2981 mutilus
438 2934 476 2979 ac
497 2914 600 2999 putris
617 2914 755 2995 impetus
777 2915 859 2979 tanti
881 2914 1036 2980 uiolentia
1050 2914 1271 2997 prosternitur,
1336 2986 1340 2994 ,

44 3047 75 3095 25
97 3052 151 3097 me
172 3048 300 3115 quoque
322 3028 485 3092 euolutum
508 3032 604 3109 atquc
624 3043 796 3091 excussum
811 3024 900 3089 humi
922 3024 1070 3091 recidens
1092 3018 1145 3105 [in]
1168 3023 1274 3088 inuer-

97 3166 171 3211 sum
193 3139 335 3224 cooperit
356 3156 398 3203 ac
416 3137 505 3218 tegit.
896 3216 901 3225 ,

184 3254 276 3317 Tunc
298 3269 357 3332 cgo
379 3249 467 3313 sensi
482 3237 673 3311 naturalitus
695 3244 852 3329 quosdam
868 3244 1000 3311 affectus
1022 3245 1055 3311 iu
1077 3229 1271 3309 contrarium
1294 3242 1359 3305 XII

97 3363 281 3451 prouenirc.
318 3380 394 3425 nam
416 3365 450 3423 ut
471 3358 623 3422 lacrimae
653 3356 815 3440 saepicule
843 3355 884 3420 de
905 3355 1024 3439 gaudio
1046 3354 1204 3441 prodeunt
1224 3356 1271 3419 ita
1321 3375 1324 3381 ·

98 3476 188 3540 etin
212 3473 268 3537 illo
290 3470 389 3535 nimio
412 3488 533 3553 pauore
548 3462 647 3533 risum
671 3466 803 3549 nequiui
826 3466 991 3531 continere
1013 3465 1054 3531 de
1071 3466 1275 3532 Aristomene

170 3686 263 3753 2cpt3
283 3682 308 3732 F
364 3677 581 3746 intempestam,
599 3676 786 3744 mtempeltao
848 3672 1041 3731 drnabrtantui
1056 3675 1088 3729 Ρ
1141 3677 1276 3744 tprectal

100 3780 130 3835 F
130 3786 135 3809 ¹
224 3780 239 3831 8
258 3782 320 3831 orote
338 3790 387 3827 nec
406 3788 513 3827 erosrrm
532 3775 558 3823 et
575 3771 603 3823 tn
621 3770 654 3834 F,
673 3775 698 3822 ct
716 3786 804 3837 neco
899 3775 927 3823 ll
946 3754 1061 3826 ndmmri
1077 3772 1109 3834 F,
1127 3768 1244 3823 nummii
1258 3790 1277 3837 pr

103 3878 134 3927 13
153 3870 325 3941 reponamus
341 3868 408 3937 (sarit
423 3873 451 3935 p)
469 3866 495 3917 F
565 3868 594 3917 13
614 3865 642 3917 r'n
651 3864 784 3919 antelucio
802 3869 843 3917 est
859 3882 870 3917 1
887 3870 914 3919 ct
929 3866 1041 3919 strrr'rtra
1058 3864 1163 3918 litterae
1178 3880 1194 3917 o
1207 3878 1279 3934 porr

100 3968 131 4021 in
148 3981 205 4019 rus.
223 3964 327 4035 scripto
354 3963 453 4034 (potest
468 3958 556 4027 ftrt'sm
573 3956 716 4022 anteluclo)
735 3958 764 4011 tir
781 3958 812 4021 F,
836 3959 927 4013 arilucr
944 3979 963 4027 φ
999 3990 1009 4009 1
1026 3958 1104 4012 ritmo
1116 3958 1183 4027 (fuit
1199 3957 1227 4022 h)
1246 3957 1278 4019 F,

100 4061 218 4127 ritmcpr
290 4062 320 4111 15
339 4058 425 4110 miota
442 4054 481 4115 F‘,
500 4051 642 4119 mlolrtap
714 4055 745 4105 16
762 4054 930 4121 pertentatus
946 4052 991 4118 ‹F›
1058 4057 1088 4105 18
1109 4050 1217 4105 cardine
1234 4050 1278 4117 Fe

101 4158 135 4207 20
154 4166 269 4219 comuco
287 4164 347 4210 tneo
365 4152 394 4205 tn
410 4152 475 4213 ros.)
492 4164 525 4215 p:
545 4144 685 4198 conrhrbco
701 4144 730 4197 F
777 4146 891 4199 ccmcdo
909 4146 946 4199 du
960 4145 1094 4215 peluemm
1109 4147 1132 4195 F
1202 4148 1232 4197 25
1251 4160 1279 4196 m

102 4246 195 4301 deterri
251 4246 357 4299 muium
375 4244 410 4296 F:
430 4242 583 4295 umucrium
602 4237 696 4307 culpo,
714 4238 764 4293 scd
779 4238 819 4308 cf.
833 4258 865 4311 p.
881 4241 907 4302 8,
929 4241 962 4349 {id
979 4255 1019 4309 sq.
1034 4235 1204 4307 ‘grabatulus
1221 4280 1226 4290 .
1246 4279 1251 4290 .
1272 4279 1278 4289 .

104 4367 183 4434 luper
208 4362 314 4418 dorium
332 4357 432 4417 mcum'
504 4366 536 4415 26
555 4365 659 4427 copcrrt
676 4360 701 4410 F
774 4364 804 4413 27
825 4357 1001 4418 natu1nr3F
