2934 4900
221 195 261 254 44
725 212 818 258 urnai
839 211 879 258 111

219 358 333 444 ticipes
363 361 484 428 indicet
512 373 546 427 ut
574 369 639 427 tam
668 363 760 428 dirae
787 363 937 430 factionis
965 361 1109 430 funditus
1137 360 1271 428 formido
1299 382 1397 446 pere-

218 462 347 536 matur.'
1455 550 1456 563 χ

108 578 201 644 Vllll
308 585 376 649 Neo
404 602 591 648 meracum
621 583 683 648 ritu
712 583 901 649 Graeciensi
928 584 1014 667 ignis
1044 588 1075 648 et
1103 588 1174 649 rota
1200 592 1266 648 tum
1295 603 1396 649 omne

218 694 392 779 flagrorum
413 714 516 777 genus
537 695 726 759 inferuntur.
765 702 898 778 augetur
920 693 1057 779 oppido,
1089 691 1186 758 imino
1209 692 1397 778 duplicatur

219 804 299 870 mihi
322 804 481 871 maestitia
502 804 588 886 quod
609 805 733 888 integro
757 804 863 871 saltim
879 805 960 868 mori
982 825 1046 870 non
1061 804 1196 871 licuerit.
1234 804 1293 870 sed
1307 818 1427 871 annes

219 917 284 997 illa,
309 933 391 1000 quae
406 914 534 981 fletibus
556 923 669 980 cuncta
683 915 871 981 turbauerat
890 908 1006 998 ‘prius’
1030 915 1135 998 inquit
1152 907 1277 1000 ‘optimi
1292 915 1395 996 ciues,

219 1047 314 1110 quam
347 1027 503 1091 latronem
539 1027 636 1092 istum
671 1026 859 1092 miserorum
893 1025 1062 1110 pignorum
1094 1044 1236 1090 meorum
1268 1045 1397 1110 perem-

219 1142 343 1222 ptorem
359 1137 444 1202 cruci
465 1135 626 1219 adligatis,
649 1136 823 1220 permittite
846 1155 981 1218 corpora
1004 1142 1188 1201 necatorum
1204 1136 1346 1202 reuelari
1361 1145 1398 1201 ut

196 1257 198 1265 ’
220 1255 251 1313 et
272 1247 393 1314 formae
423 1247 518 1314 simul
541 1253 572 1311 et
594 1246 709 1312 aetatis
740 1246 1011 1331 contemplatione
1033 1247 1137 1329 magis
1158 1246 1329 1330 magisque
1352 1247 1397 1312 ad

219 1360 337 1424 iustam
359 1357 614 1440 indignationem
637 1357 753 1422 arrecti
774 1377 833 1441 pro
855 1356 950 1421 modo
972 1356 1123 1422 facinoris
1146 1348 1327 1439 saeuiatis.³
1416 1359 1440 1406 Μ

285 1468 363 1534 'His
386 1466 479 1533 dictis
497 1466 705 1560 adplauditur
728 1473 760 1532 et
781 1467 855 1532 ilico
877 1486 928 1532 me
943 1466 1151 1550 magistratus
1173 1467 1279 1551 ipsum
1304 1468 1399 1533 iubet

220 1597 364 1662 corpora,
388 1597 472 1662 quae
495 1578 611 1644 lectulo
634 1578 762 1643 lucrant
782 1578 905 1664 posita,
929 1596 1000 1643 mea
1022 1597 1119 1642 manu
1141 1576 1301 1660 detegere.
1349 1579 1397 1643 lu·
1458 1604 1459 1631 1

220 1694 359 1754 ctantem
388 1709 438 1754 me
467 1707 505 1754 ac
535 1687 589 1753 diu
618 1694 805 1753 renuentem
833 1687 1032 1772 praecedens
1063 1687 1187 1753 facinus
1209 1687 1397 1754 instaurare

220 1817 307 1864 noua
323 1799 508 1866 ostensione
522 1799 649 1864 lictores
672 1799 763 1864 iussu
785 1799 1031 1882 magistratuum
1047 1818 1142 1882 quam
1158 1798 1397 1865 instantissime

220 1910 423 1994 compellunt,
446 1929 576 1974 manum
598 1907 740 1992 denique
760 1909 866 1994 ipsam
889 1929 906 1974 e
928 1908 1060 1992 regione
1087 1908 1198 1974 lateris
1220 1907 1399 1975 tundentes
1417 1900 1460 1961 al

220 2019 410 2086 inexilium
441 2040 533 2086 suum
562 2039 660 2102 super
686 2019 761 2103 ipsa
782 2018 943 2084 cadauera
964 2019 1140 2103 porrigunt.
1178 2019 1300 2084 euictus
1325 2027 1397 2084 tan·

220 2129 293 2195 dem
309 2131 501 2196 necessitate
517 2129 688 2195 succumbo
711 2136 743 2194 et
768 2129 904 2212 ingratis
926 2129 1000 2195 licet
1022 2136 1150 2214 arrepto
1167 2128 1266 2214 pallio
1288 2131 1399 2196 retexi

220 2259 365 2325 corpora.
403 2240 436 2305 di
458 2240 544 2321 boni,
568 2259 651 2324 quae
674 2239 773 2305 lacios
794 2241 866 2305 rei?
889 2239 975 2322 quod
1001 2241 1200 2305 monstrum?
1223 2258 1306 2323 quae
1330 2242 1398 2306 ior·

220 2357 370 2416 lunarum
393 2371 536 2416 mearum
558 2350 729 2434 repentina
751 2351 907 2416 mutatio?
945 2370 1139 2434 quamquam
1162 2350 1249 2416 enim
1270 2350 1338 2416 iam
1363 2353 1415 2425 in
1460 2376 1461 2413 ι

220 2461 346 2547 peculio
369 2462 582 2547 Proserpinae
611 2469 642 2527 et
664 2461 738 2528 Orci
767 2461 890 2527 familia
918 2468 1105 2527 numeratus
1136 2461 1241 2528 subito
1263 2462 1297 2526 in
1319 2481 1400 2528 con·
1415 2472 1443 2519 ‘2⁰

219 2572 351 2637 trariam
387 2572 502 2638 faciem
535 2572 775 2656 obstupefactus
804 2572 897 2638 haesi
924 2592 983 2638 neo
1011 2592 1142 2657 possum
1170 2592 1276 2638 nouae
1303 2572 1399 2640 illius

220 2682 372 2765 imaginis
395 2683 551 2748 rationem
572 2681 698 2748 idoneis
721 2682 830 2749 uerbis
852 2682 1016 2767 expedire.
1055 2703 1130 2748 nam
1153 2681 1313 2748 cadauera
1337 2685 1401 2750 illa

219 2795 433 2877 iugulatorum
462 2792 627 2857 hominum
656 2799 750 2857 erant
777 2799 843 2859 tres
871 2798 958 2859 utres
988 2793 1093 2859 inflati
1120 2794 1285 2876 uariisque
1312 2797 1399 2861 secti

220 2904 431 2971 foraminibus
454 2910 486 2969 et
507 2909 541 2969 ut
563 2904 784 2987 uespertinum
804 2904 963 2989 proelium
985 2924 1090 2971 meum
1112 2903 1316 2987 recordabar,
1341 2905 1399 2973 his

219 3015 306 3082 locis
320 3013 449 3081 hiantes
471 3014 588 3096 quibus
609 3013 754 3079 latrones
776 3014 849 3080 illos
872 3016 1128 3081 uulneraueram.
1416 3013 1441 3062 ²5

167 3124 200 3188 X
303 3127 394 3190 Tune
417 3124 471 3189 illc
495 3122 696 3209 quorundam
717 3131 790 3189 astu
812 3124 978 3209 paulisper
1000 3125 1159 3206 cohibitus
1180 3124 1266 3191 risus
1287 3124 1397 3192 libere

217 3236 283 3299 iam
305 3235 426 3301 exarsit
447 3235 481 3300 in
503 3234 640 3319 plebem.
678 3232 711 3298 hi
734 3233 846 3317 gaudii
868 3234 1032 3300 nimietate
1046 3234 1211 3319 gratulari,
1234 3235 1282 3300 illi
1304 3235 1398 3302 dolo-

218 3367 287 3413 rem
316 3344 439 3411 uentris
467 3364 619 3408 manuum
649 3345 888 3429 compressione
917 3344 1042 3411 sedare.
1085 3352 1117 3410 et
1149 3353 1234 3411 certe
1266 3347 1398 3412 laetitia

219 3455 354 3523 delibuti
381 3473 496 3538 meque
525 3461 743 3538 respectantes
772 3455 876 3520 cuncti
905 3454 1030 3521 theatro
1058 3456 1232 3522 lacessunt.
1269 3466 1303 3521 at
1332 3477 1397 3541 ego

220 3574 255 3647 ut
281 3566 419 3652 primum
448 3564 536 3629 illam
565 3564 718 3629 laciniam
749 3563 959 3649 prenderam,
993 3565 1076 3632 fixus
1109 3566 1142 3630 in
1175 3564 1284 3649 lapide
1318 3569 1396 3634 steti
1414 3570 1441 3619 3⁰

288 3823 509 3897 3'tumlci1Fp
595 3825 772 3895 lilagrorum
792 3825 895 3935 uolgo}
909 3787 1039 3894 flagrc¹ori1
1056 3823 1089 3888 F,
1106 3822 1269 3893 flagrtrorum
1293 3844 1324 3894 φ,
1342 3827 1395 3881 fla·
1461 3842 1462 3848 ¹

219 3947 347 4015 gallorum
374 3947 489 4001 coniecit
504 3944 720 4001 Hildobrcudius
815 3949 846 3999 10
864 3951 949 3998 arectr
976 3955 999 4006 tr
1016 3941 1079 3997 add.
1103 3959 1175 3996 mara.
1193 3944 1341 4010 recerrtiort
1360 3946 1394 4009 F,

219 4047 315 4094 arrecti
334 4059 353 4109 φ
442 4042 472 4092 12
487 4038 628 4109 posterior
644 4038 654 4090 l
672 4038 700 4091 ia
717 4038 815 4093 lectulo
834 4053 904 4092 corr.
923 4054 960 4092 ex
978 4053 992 4091 c
1011 4034 1113 4090 ataid.
1132 4035 1216 4112 irc‘F,
1242 4036 1344 4092 lectulo
1372 4058 1393 4107 φ

224 4162 251 4212 13
268 4144 421 4213 'rennuenti
438 4155 466 4210 F
533 4160 561 4209 ll
581 4156 692 4225 abrepto
711 4156 756 4227 Fp
845 4160 875 4209 18
894 4154 931 4209 dn
948 4155 977 4208 F
1060 4158 1090 4207 19
1109 4117 1224 4225 offeni
1242 4148 1307 4223 (qud
1328 4156 1393 4210 add.

182 4332 183 4337 ἵ
220 4266 316 4304 mcccc
334 4252 435 4321 primo)
461 4249 490 4302 F
575 4253 607 4303 lo
641 4250 781 4318 pler-pinea
806 4254 877 4303 torci
904 4249 961 4306 (sed
982 4254 1084 4321 postea
1107 4254 1180 4304 recte
1203 4242 1344 4316 dictiacta)
1370 4249 1399 4303 F

220 4348 252 4396 ιι
276 4339 332 4411 ιιι
355 4343 384 4396 n
397 4348 428 4397 ιι
447 4342 485 4395 h11
503 4342 531 4395 r
612 4346 642 4396 ιι
663 4328 755 4398 doleri
771 4343 813 4409 rr,
831 4328 963 4412 sororio
