2934 4900
581 207 655 256 one.
679 207 775 254 1—111
1104 151 1107 159 .
1211 198 1270 260 135

90 364 184 428 inter
207 359 398 446 praecipuos
427 377 541 442 procos
570 380 694 426 summo
723 360 830 427 studio
862 361 1029 447 petitionis
1058 364 1127 430 eius
1154 384 1270 432 munus

92 473 227 538 obierat
250 478 281 538 et
303 490 497 568 quamquam
513 471 629 538 ceteris
646 472 795 538 omnibus
818 473 851 539 id
872 485 976 558 genus
998 475 1079 542 uiris
1101 475 1272 541 antistaret

93 583 295 666 eximiisque
347 581 534 648 muneribus
577 591 745 668 parentum
789 584 942 690 inuitaret
986 585 1159 668 iudicium,
1203 605 1271 651 mo·
1314 570 1315 573 ¹

90 715 169 760 rum
207 700 317 759 tamen
353 691 541 778 inprobatus
577 694 727 777 repulsae
758 693 953 760 contumelia
981 696 1086 762 fuerat
1106 716 1270 780 aspersus.

52 814 132 870 sac
160 803 238 869 dum
273 803 362 869 erilis
384 803 493 887 puella
514 802 548 867 in
570 802 646 868 boni
682 805 862 889 Tlepolemi
882 825 998 872 manus
1031 814 1182 889 uenerat,
1219 807 1271 873 fir·
1377 806 1382 816 ⁴

89 915 193 982 miter
236 913 370 980 deorsus
399 911 567 998 delapsum
601 913 747 981 nutriens
776 933 919 980 amorem
949 923 981 982 et
1017 915 1172 1002 denegati
1202 918 1271 983 tha·

90 1027 178 1092 lami
216 1024 415 1111 permiscens
459 1023 715 1108 indignationem
751 1032 883 1090 cruento
926 1026 1060 1092 facinori
1096 1027 1272 1108 quaerebat

89 1156 276 1202 accessum.
298 1140 435 1201 nanctus
457 1134 596 1219 denique
618 1135 823 1219 praesentiae
839 1155 918 1202 suae
939 1139 1166 1221 tempestillam
1181 1157 1271 1202 occa-

92 1247 236 1326 sionem,
259 1247 374 1314 sceleri
397 1246 483 1330 quod
503 1247 560 1311 diu
581 1247 739 1332 cogitarat
759 1247 946 1330 accingitur.
969 1268 1008 1312 ac
1024 1247 1077 1313 die
1092 1268 1155 1332 quo
1176 1265 1271 1332 prae-

40 1357 222 1422 redonum
252 1356 377 1423 infestis
412 1357 617 1423 mucronibus
654 1357 765 1442 puella
796 1357 908 1421 fuerat.
932 1364 1004 1424 astu
1035 1357 1270 1443 uirtutibusque

93 1468 214 1553 sponsi
242 1468 292 1533 sui
324 1468 478 1548 liberata,
510 1449 623 1532 turbae
660 1468 889 1550 gratulantium
919 1469 1067 1534 exultans
1099 1468 1271 1552 insigniter

92 1578 288 1663 permiscuit
309 1597 381 1644 sese
404 1579 564 1662 salutique
586 1578 750 1663 praesenti
771 1597 809 1642 ac
838 1578 964 1643 futurae
986 1577 1090 1671 suboli
1113 1599 1269 1645 nouorum

91 1689 284 1754 maritorum
306 1687 535 1773 gaudibundus
550 1687 593 1753 ad
614 1688 770 1753 honorem
785 1687 978 1772 splendidae
991 1691 1165 1773 prosapiae
1185 1690 1270 1756 inter

90 1799 290 1885 praecipuos
313 1800 456 1884 hospites
472 1799 600 1863 domum
621 1806 767 1864 nostram
789 1801 1110 1883 receptusoccultato
1133 1800 1267 1867 consilio

43 1915 72 1962 ¹5
94 1912 232 1977 sceleris
261 1909 356 1974 amici
385 1909 563 1976 fidelissimi
592 1929 765 1992 personam
795 1908 1018 1974 mentiebatur.
1055 1909 1183 1993 iamque
1206 1929 1269 1977 ser-

94 2021 250 2086 monibus
287 2021 429 2087 assiduis
462 2027 494 2086 et
522 2021 768 2085 conuersatione
805 2021 972 2103 frequenti,
1007 2041 1269 2104 nonnumquam

8 2133 73 2203 [rot]
95 2132 198 2197 etiam
230 2151 311 2196 cena
343 2132 521 2214 poculoque
558 2131 717 2196 communi
755 2131 859 2195 carior
891 2133 1058 2215 cariorque
1096 2131 1199 2196 factus
1235 2132 1269 2196 in

91 2240 291 2326 profundam
304 2242 430 2306 ruinam
447 2240 616 2324 Cupidinis
632 2260 705 2307 sese
720 2242 877 2335 paulatim
892 2241 1021 2308 nescius
1035 2241 1269 2325 praecipitaue-

93 2360 157 2420 rat.
196 2352 309 2437 quidni
341 2372 412 2417 cum
443 2351 573 2417 flamma
610 2353 702 2418 saeui
734 2352 854 2417 amoris
883 2372 986 2435 parua
1008 2351 1136 2435 quidem
1165 2352 1269 2436 primo

43 2462 74 2511 20
92 2485 220 2550 uapore
243 2464 380 2529 delectet
402 2463 459 2529 sed
482 2463 631 2529 fomentis
654 2462 896 2529 consuetudinis
917 2470 1113 2529 exaestuans
1134 2462 1269 2527 inmodi-

95 2578 143 2643 cis
168 2574 339 2640 ardoribus
360 2580 444 2639 totos
467 2574 616 2640 amburat
636 2574 794 2639 homines.

181 2686 245 2751 Diu
282 2684 424 2769 denique
458 2684 697 2750 deliberaucrat
719 2704 829 2749 secum
858 2684 1060 2768 Thrasyllus,
1090 2685 1176 2768 quod
1209 2702 1269 2750 nec
1289 2681 1338 2745 lll

93 2796 309 2862 clandestinis
332 2795 500 2878 colloquiis
523 2802 737 2879 opportunum
763 2795 941 2878 repperiret
963 2796 1067 2859 locum
1095 2802 1126 2859 et
1147 2794 1269 2859 adulte·

94 2908 190 2973 rinae
207 2906 349 2971 Veneris
371 2906 475 2989 magis
505 2906 672 2988 magisque
702 2906 889 2989 praeclusos
918 2904 1025 2969 aditus
1047 2905 1141 2988 eopia
1161 2913 1268 2969 custo·
1329 2967 1332 2975 .

45 3017 74 3065 25
98 3017 257 3083 clientium
280 3024 433 3092 cerneret,
457 3033 626 3099 nonaeque
648 3022 744 3096 atque
766 3015 931 3098 gliscentis
953 3015 1133 3081 affectionis
1154 3014 1268 3079 firmis·

97 3129 216 3194 simum
245 3128 409 3191 uinculum
437 3146 501 3192 non
523 3146 619 3210 posse
642 3126 812 3191 dissociari
840 3125 1045 3209 perspiceret,
1069 3132 1101 3189 et
1129 3124 1266 3209 puellae,

96 3240 125 3305 si
147 3239 255 3323 uellet,
279 3257 474 3322 quamquam
496 3239 580 3302 uelle
603 3257 667 3302 non
689 3243 809 3321 posset,
833 3236 1007 3300 furatrinae
1029 3234 1199 3317 coniugale
1221 3234 1267 3299 in·

94 3348 315 3413 commodaret
338 3348 567 3431 rudimentum;
604 3354 635 3413 et
664 3354 773 3412 tamen
800 3346 843 3411 ad
872 3346 933 3411 hoc
961 3346 1066 3430 ipsum
1094 3344 1180 3427 quod
1202 3364 1268 3410 non

97 3466 216 3543 potest,
240 3458 439 3524 contentiosa
454 3459 597 3544 pernicie
620 3460 714 3542 quasi
735 3464 846 3543 posset
868 3457 1052 3542 impellitur.
1076 3454 1161 3539 quod
1183 3473 1268 3519 nunc

46 3571 76 3621 30
96 3571 235 3635 arduum
257 3571 342 3633 factu
363 3576 508 3653 putatur,
537 3590 647 3636 amore
674 3589 734 3654 per
756 3569 826 3635 dics
854 3568 1003 3632 roborato
1025 3566 1119 3633 facile
1141 3566 1268 3631 uidetur

98 3682 224 3748 effectu.
263 3686 405 3764 spectate
436 3680 576 3765 denique
606 3679 679 3762 sed,
703 3700 774 3762 oro,
800 3678 946 3744 sollicitis
968 3658 1087 3742 animis
1111 3676 1268 3741 intendite

99 3813 251 3876 quorsum
274 3790 412 3855 furiosae
434 3790 580 3857 libidinis
602 3790 784 3875 proruperit
805 3789 952 3872 impetus.

165 4032 256 4083 istil
270 4026 460 4096 quanquamF
507 3988 586 4080 their
597 4029 614 4091 (ι
626 4024 775 4091 uddsmau.
793 4026 855 4089 see.)
872 4024 905 4088 F,
923 4024 978 4077 bon
996 4045 1015 4093 φ
1087 4027 1117 4076 12
1135 4023 1268 4092 praefanti

98 4139 130 4177 ac
141 4123 249 4177 futurae
258 4121 384 4193 Lipsius:
398 4122 500 4190 plectra
508 4119 598 4173 future
609 4121 650 4189 Fp
721 4118 804 4171 fcboh
821 4137 841 4186 φ
912 4122 943 4171 16
961 4111 1072 4185 nunqub
1088 4116 1116 4169 F
1180 4131 1268 4170 canor

98 4233 168 4270 corr.
189 4231 227 4269 eac
245 4216 356 4268 carronf
378 4215 405 4267 iu
423 4214 451 4267 F
536 4218 564 4267 18
583 4209 661 4267 romb
679 4214 703 4264 F
795 4215 828 4264 20
845 4211 969 4265 fomentis
991 4210 1104 4279 scripsi:
1127 4207 1206 4262 fon'rtr
1223 4210 1266 4277 Fp

96 4337 127 4387 22
146 4332 280 4388 thrafrllui
294 4333 323 4389 F
387 4332 459 4401 quod
477 4331 641 4387 Salmasius:
658 4346 710 4401 quo
729 4332 762 4397 F,
780 4291 798 4399 (i
815 4350 835 4399 φ
922 4333 952 4383 27
973 4329 1126 4397 coniugales
1140 4328 1170 4382 F
