2934 4900
456 231 458 234 -
507 177 513 192 '
557 200 630 248 cae.
653 199 796 245 ur—uru
999 162 1002 171 ¹
1246 185 1266 244 5

90 360 209 432 sector,
232 353 266 418 in
287 351 347 424 has
369 371 540 422 aerumnas
562 352 671 419 incidi.
704 373 781 418 nam
802 359 838 417 ut
860 352 923 418 scis
938 352 1067 435 optime,
1090 349 1266 426 secundum
1332 368 1335 375 ’

90 470 265 545 quaestum
301 463 493 530 Macedonia
527 465 688 551 profectus
725 464 801 528 dum
836 481 948 529 mense
985 462 1109 528 decimo
1145 444 1266 526 ibidem

89 581 235 640 attentus
250 574 444 640 nummatior
457 581 610 655 rcuortor‚
623 573 749 639 modico
764 575 853 658 prius
876 593 973 657 qnam
987 573 1155 640 Larissam
1177 590 1267 636 acce·

2 687 4 694 ’
89 685 215 768 derem,
241 705 300 768 per·
321 684 492 752 transitum
514 686 732 768 spectaculum
754 670 899 749 obiturus
921 685 956 748 in
977 682 1118 768 quadam
1139 683 1216 775 auia
1237 689 1269 746 ct

52 812 67 858 s
88 797 250 863 lacunosa
272 794 412 860 conualli
433 816 454 859 a
475 793 671 862 uastissimis
699 794 879 860 latronibus
908 793 1062 861 obsessus
1084 800 1181 878 atque
1203 813 1268 857 cm·

89 907 191 972 nibus
206 905 352 990 priuatus
373 905 505 971 tandem
521 905 624 970 euado
641 912 673 972 et
690 913 798 992 utpote
815 904 928 970 ultime
943 904 1088 972 adfectus
1111 904 1153 969 ad
1169 923 1268 984 quan-

89 1016 170 1081 dam
198 1035 378 1099 cauponam
400 1016 540 1097 Meroen,
569 1036 666 1080 anum
690 1015 749 1082 sed
770 1014 944 1080 admodum
966 1017 1113 1081 scitulam
1135 1013 1267 1079 deuorto

89 1127 189 1212 eique
204 1145 320 1192 causas
342 1133 373 1191 et
395 1126 665 1210 peregrinationis
681 1124 851 1191 diuturnae
873 1132 904 1190 et
925 1125 1133 1193 domuitionis
1148 1125 1267 1190 anxiae

89 1243 124 1302 et
153 1237 358 1320 spoliationis
387 1237 568 1316 [diuturnae
599 1243 630 1301 et
657 1236 745 1314 dum]
774 1237 913 1302 miserae
944 1236 1064 1300 refero:
1103 1254 1185 1319 quae
1218 1254 1269 1299 me

40 1366 69 1414 io
90 1349 200 1431 magis
223 1349 320 1431 quam
349 1346 488 1412 humane
516 1353 654 1412 tractare
684 1345 799 1412 adorta
821 1365 921 1411 cenae
941 1352 1054 1430 gratae
1076 1352 1173 1429 atque
1194 1365 1267 1428 gra·

90 1459 194 1524 tuitae
210 1477 248 1522 ac
264 1477 338 1522 mox
353 1457 479 1540 urigine
493 1457 616 1542 percita
631 1457 731 1534 cubili
745 1478 803 1522 suo
818 1456 970 1542 adplicat.
1001 1462 1034 1522 et
1048 1457 1156 1522 statim
1171 1455 1269 1522 miser

89 1576 127 1633 ut
140 1589 213 1634 cum
229 1569 287 1633 illa
301 1567 464 1652 adquieui,
479 1568 520 1631 ab
537 1568 631 1633 unico
647 1587 822 1651 congressu
833 1587 915 1633 anus
929 1586 1048 1632 noxam
1065 1567 1268 1651 pestilentem

89 1677 248 1745 contraho
272 1679 304 1744 et
325 1678 416 1762 ipsas
431 1677 527 1742 etiam
542 1678 688 1758 lacinias,
712 1699 793 1762 quas
813 1677 889 1742 honi
909 1678 1052 1744 latrones
1068 1675 1268 1760 contegendo

89 1789 174 1854 mihi
197 1795 432 1870 concesserant,
456 1790 490 1852 in
506 1809 578 1853 eam
600 1789 730 1870 contuli,
754 1789 905 1873 operulas
928 1788 1035 1871 etiam,
1058 1807 1140 1872 quas
1162 1786 1270 1852 adhuc

39 1924 68 1971 15
89 1905 230 1984 negatus
246 1899 422 1966 saccariam
445 1900 567 1966 faciens
583 1898 756 1980 merebam,
780 1897 886 1983 quoad
908 1917 960 1963 me
981 1897 1026 1963 ad
1046 1898 1141 1964 istam
1153 1897 1267 1963 faciem

89 2030 191 2094 quam
213 2009 311 2094 paulo
332 2016 409 2076 ante
431 2009 543 2076 uidisti
565 2010 652 2074 bona
673 2028 754 2074 uxor
782 2015 814 2074 et
834 2008 922 2073 mala
943 2008 1071 2073 fortuna
1090 2001 1266 2092 perduxit'

176 2113 247 2184 ‘Pol
276 2118 407 2204 quidem
434 2126 468 2184 tu
492 2113 624 2203 dignns'
655 2119 787 2202 inquam
810 2112 860 2186 ‘es
881 2124 1025 2184 extrema
1046 2119 1205 2184 sustinere
1227 2118 1267 2184 si·
1288 2106 1366 2174 VIII

89 2230 171 2315 quid
193 2237 371 2297 esttamen
390 2230 568 2296 nouissimo
591 2231 775 2310 extremius,
799 2229 854 2312 qui
875 2230 1073 2312 uoluptatem
1095 2228 1269 2294 Veneriam

89 2349 125 2408 et
146 2347 286 2406 scortum
301 2347 460 2408 scorteum
475 2341 553 2408 Lari
575 2347 608 2405 et
628 2339 740 2406 liberis
754 2331 961 2424 praetulisti.>
1001 2345 1035 2403 at
1057 2339 1112 2404 ille
1134 2339 1268 2422 digitum

88 2474 112 2518 a
127 2454 245 2539 pollice
266 2454 448 2537 proximum
471 2453 519 2519 ori
542 2473 599 2519 suo
621 2450 800 2517 admonens
819 2457 852 2515 et
872 2451 907 2515 in
929 2457 1092 2535 stuporem
1114 2451 1268 2517 attonitus

37 2560 69 2608 20
86 2560 174 2629 ‘tace
196 2559 282 2629 tace'
305 2564 410 2647 inquit
432 2570 464 2629 et
486 2563 748 2647 circumspiciens
765 2567 944 2627 tutamenta
965 2562 1123 2628 sermonis
1141 2554 1265 2646 ‘parce’

89 2674 199 2755 inquit
217 2667 263 2737 ‘in
286 2673 439 2738 feminam
461 2674 622 2756 diuinam,
652 2692 792 2757 nequam
821 2672 880 2736 tibi
902 2671 1014 2755 lingua
1033 2670 1268 2755 intemperante

90 2804 213 2849 noxam
235 2776 436 2855 contrahas?

175 2886 252 2959 ‘Ain
268 2886 435 2960 tandem‘l’
460 2896 591 2979 inquam
611 2887 738 2979 ‘potens
752 2892 810 2956 illa
831 2899 863 2966 et
885 2892 1000 2975 regina
1021 2910 1168 2976 caupona
1191 2890 1268 2975 qnid

90 3004 239 3070 mulieris
262 2996 349 3071 esti'

175 3106 291 3197 ‘Saga’
322 3115 427 3199 inquit
444 3107 490 3179 ‘et
512 3114 641 3194 diuina,
670 3120 786 3199 potens
807 3112 932 3177 caelum
954 3111 1124 3195 deponere,
1147 3117 1267 3176 terram

90 3224 301 3309 suspendere,
317 3226 421 3291 fontes
437 3224 562 3307 durare,
574 3230 699 3291 montes
715 3222 848 3304 diluere,
864 3240 976 3288 manes
989 3221 1173 3303 sublimare,
1190 3222 1267 3289 deos
1355 3280 1357 3283 Α

88 3334 265 3415 infirmare,
289 3335 397 3401 sidera
419 3337 616 3417 extinguere,
639 3336 812 3399 Tartarum
832 3333 940 3415 ipsum
962 3323 1179 3397 inluminare'

175 3437 254 3511 ‘Oro
277 3436 322 3510 te’
355 3446 488 3529 inquam
507 3438 670 3509 ‘aulaeum
693 3444 851 3527 tragicum
874 3441 1035 3507 dimoueto
1057 3448 1089 3508 et
1112 3442 1266 3527 siparium

90 3536 278 3622 scaenicum
301 3555 490 3641 complicato
513 3562 544 3620 et
566 3554 644 3619 cedo
666 3555 776 3621 uerbis
799 3545 1044 3618 communibus'

1 3089 69 3157 [roc]

39 3162 69 3209 rs

146 3883 173 3932 ’1
193 3840 296 3941 datuid.
314 3848 443 3946 suissed)
462 3876 492 3939 F,
509 3874 590 3945 Naar
655 3880 686 3929 ut
705 3876 730 3929 se
747 3876 770 3927 rs
785 3879 884 3941 optime
900 3872 926 3921 F
1013 3872 1145 3941 ‘adruinc
1163 3871 1187 3924 dt
1204 3872 1267 3924 dum

88 3972 191 4028 seclusi
239 3972 331 4024 misere
348 3970 374 4021 F
440 3974 455 4023 9
474 3984 543 4038 quae
560 3984 602 4023 me
619 3968 703 4037 magis
720 3968 833 4038 scripsi:
851 3980 904 4036 que
920 3971 964 4020 em
982 3965 1023 4017 hri
1047 3966 1077 4024 (ln
1103 3965 1224 4028 inducto)
1242 3966 1268 4015 F

91 4072 122 4120 12
142 4080 204 4119 cum
222 4080 339 4119 carrea
356 4071 414 4117 tum
431 4063 493 4117 tan
560 4064 792 4115 transsumam
814 4061 979 4128 pestilentem
1002 4058 1133 4112 contraho
1153 4057 1267 4111 Linden-

89 4159 216 4231 broqias:
236 4152 388 4225 annosa-lac
405 4140 572 4225 pestilentiae
585 4155 714 4209 contraho
727 4156 758 4219 F,
777 4150 878 4209 annosa
896 4169 929 4207 ac
940 4137 1079 4222 pestilente
1096 4150 1268 4222 (uirqaluml

87 4251 288 4324 sz'paifiocatem
306 4250 369 4305 acld.
382 4264 480 4321 macas
496 4248 625 4313 secundo)
644 4250 675 4302 ὁ*
693 4247 806 4301 cotraho
824 4266 844 4317 φ
922 4252 951 4301 15
969 4246 1070 4315 quoad]
1090 4246 1126 4313 qd
1142 4245 1168 4295 F
1234 4248 1265 4297 27

90 4347 178 4401 sidere
196 4344 227 4409 F,
247 4344 333 4398 sidera
348 4343 371 4413 f
383 4364 402 4413 φ
