2934 4900
534 245 608 292 car.
630 245 768 292 xri—xv
1179 232 1237 293 143

67 402 208 479 ptorem‚
247 395 361 479 punita
383 415 453 462 sum
475 396 634 464 funestum
656 416 800 462 mearum
823 398 1007 482 nuptiarum
1029 396 1236 480 praedonem.

66 506 133 570 iarn
155 515 281 591 tempus
304 513 353 572 cst
374 513 410 571 ut
430 507 493 574 isto
514 506 624 590 gladio
646 505 781 572 deorsus
794 505 852 572 ad
880 526 987 586 meum
1010 508 1235 591 Tlepolemum

67 616 154 681 uiam
176 636 339 701 quaeram.
384 623 417 682 et
452 617 611 683 enarratis
648 617 761 683 ordine
797 618 935 701 singulis
971 637 1055 702 quae
1085 618 1147 685 sihi
1177 638 1235 702 per
1257 624 1358 690 XIIII

67 727 226 792 somnium
249 727 456 794 nuntiauerat
482 728 615 793 maritus
645 748 772 812 quoque
800 734 874 795 astu
902 728 1110 813 Thrasyllum
1144 728 1238 793 indu·

31 843 149 902 ⁵etum
164 839 308 922 petisset,
332 840 416 903 ferro
440 839 499 904 suh
512 838 677 923 papillam
699 837 865 904 dexteram
889 837 1095 904 transadacto
1118 837 1236 904 corru‘t

64 956 97 1011 et
117 950 150 1013 in
173 967 231 1014 suo
254 948 317 1016 sibi
339 950 543 1034 peruolutata
558 949 717 1031 sanguine
732 955 894 1033 postremo
911 948 1097 1015 balbutiens
1112 950 1235 1013 incerto

64 1078 213 1125 sermone
243 1059 393 1144 perflauit
422 1060 563 1125 animam
599 1059 735 1124 uirilem.
780 1067 855 1124 tuno
893 1080 1029 1145 propere
1057 1059 1235 1125 familiares

62 1169 202 1235 miserae
225 1169 375 1235 Charites
397 1169 639 1236 accuratissime
654 1189 770 1253 corpus
793 1168 936 1234 ablutum
962 1171 1051 1234 unita
1068 1171 1234 1254 sepultura

62 1262 183 1346 ibidem
205 1280 319 1346 marito
341 1286 532 1365 perpetuam
553 1281 721 1363 coniugem
744 1278 923 1346 reddidere.

16 1387 43 1436 ¹0
147 1390 340 1476 Thrasyllus
362 1409 439 1455 uero
472 1389 609 1473 cognitis
632 1391 781 1456 omnibus
809 1391 966 1474 nequiens
994 1389 1146 1456 idoneum
1168 1388 1235 1454 exi·

61 1503 139 1566 tium
161 1503 329 1586 praesenti
351 1500 443 1582 clade
465 1499 600 1566 reddere
623 1507 792 1584 certusque
815 1509 904 1566 tanto
926 1501 1060 1565 facinori
1082 1519 1142 1565 nec
1163 1500 1233 1582 gla-

62 1611 149 1676 dium
173 1611 319 1678 sufficerc
342 1617 455 1696 sponte
476 1610 603 1677 delatus
625 1611 746 1676 ibidem
773 1611 815 1675 ad
844 1610 1053 1695 sepulchrum
1072 1603 1234 1674 ‘ultronea

61 1723 163 1804 uobis,
187 1722 296 1796 infesti
317 1722 439 1805 Manes,
463 1741 503 1786 en
526 1722 619 1788 adest
641 1715 779 1786 uictima'
804 1741 903 1804 saepe
925 1722 1103 1804 clamitans,
1127 1720 1235 1785 ualuis

61 1852 156 1917 super
179 1852 251 1898 sese
274 1831 447 1916 diligenter
475 1832 631 1898 obseratis
659 1832 769 1896 inedia
796 1831 908 1896 statuit
936 1831 1059 1897 elidere
1079 1851 1139 1896 sua
1161 1851 1233 1896 sen·
1298 1840 1302 1882 ¹

14 1957 41 2007 tt
59 1945 161 2009 tentia
184 1943 371 2009 damnatum
395 1937 561 2028 spiritum?

142 2054 233 2119 Haeo
241 2054 297 2119 ille
311 2055 426 2136 longos
434 2053 566 2120 trahens
582 2053 713 2138 spiritus
725 2059 757 2118 et
767 2073 831 2118 non
843 2073 1006 2136 nunquam
1019 2052 1226 2118 inlacrimans
1249 2055 1311 2120 XV

58 2167 201 2248 grauiter
222 2163 356 2230 adfectis
378 2164 505 2230 rusticis
528 2164 748 2228 adnuntiabat.
792 2171 867 2228 tunc
889 2164 937 2229 illi
970 2164 1080 2228 mutati
1110 2163 1232 2227 domini

59 2274 233 2340 nouitatem
256 2283 435 2340 metuentes
458 2282 489 2340 et
503 2275 710 2340 infortunium
726 2275 838 2340 domus
855 2275 944 2340 erilis
966 2275 1062 2339 altius
1078 2274 1231 2340 mIscran-

58 2392 106 2453 tes
129 2385 239 2469 lugere
263 2392 448 2470 conparant.
487 2384 544 2452 sed
566 2405 718 2471 equorum
741 2385 896 2469 magister
918 2386 973 2469 qui
988 2405 1039 2450 me
1054 2384 1230 2451 curandum

14 2506 41 2558 ro
58 2516 176 2580 magna
186 2498 241 2563 ille
257 2496 386 2581 quidem
401 2496 675 2563 commendatione
688 2504 883 2581 susceperat,
901 2494 1057 2582 quidquid
1072 2496 1107 2559 in
1119 2497 1230 2561 casula

57 2609 232 2691 pretiosum
248 2607 473 2691 conditumque
489 2608 662 2673 seruabant
675 2629 744 2672 meo
755 2616 851 2690 atque
867 2608 1001 2671 aliorum
1016 2608 1229 2671 iumentorum

57 2719 152 2783 dorso
175 2719 349 2803 repositum
371 2726 541 2800 asportans
565 2718 658 2783 sedes
680 2719 835 2801 pristinas
870 2717 1000 2783 deserit.
1036 2718 1228 2800 gerebamus

56 2830 230 2895 Inlantulos
253 2836 284 2894 et
306 2829 465 2907 mulieres,
481 2828 672 2911 gerebamus
688 2830 794 2912 pullos
809 2847 942 2894 anseres
957 2826 1080 2892 haedos
1096 2828 1237 2893 catellds*
1253 2858 1255 2865 ¹
1275 2835 1278 2844 ’
1328 2853 1332 2862 Δ

28 2948 87 3027 ‚et
117 2938 273 3023 ququuid
300 2939 426 3004 infirmo
453 2938 555 3021 gradu
585 2939 692 3021 fugam
721 2939 924 3018 morabatur,
957 2935 1076 3003 nostris
1099 2956 1224 3021 quoque

14 3012 39 3142 ²8⁰]
55 3050 194 3134 pedibus
210 3048 405 3114 ambulabat.
431 3068 491 3114 neo
506 3069 557 3114 me
571 3042 697 3131 pondus
714 3048 860 3114 sarcinae
876 3067 1068 3131 quamquam
1084 3047 1224 3112 enormis

55 3161 213 3243 urguebat
241 3160 359 3243 quippe
387 3159 530 3242 gaudiali
557 3160 632 3242 fuga
666 3158 891 3224 detestabilem
922 3159 1013 3223 illum
1045 3165 1226 3223 erectorem

55 3270 218 3335 uirilitatis
240 3290 333 3335 meac
355 3259 606 3354 relinquentem(

141 3381 260 3447 Siluosi
275 3380 392 3445 montis
413 3399 564 3463 asperum
587 3381 749 3464 permensi
770 3381 879 3463 iugum
895 3399 1068 3460 rursusque
1083 3380 1227 3462 reposita

54 3502 238 3573 camporum
272 3491 378 3574 spatia
417 3491 559 3574 peruecti
590 3491 653 3555 iam
687 3509 826 3573 uespera
859 3491 1005 3555 semitam
1038 3491 1226 3556 tenebrante

13 3600 37 3653 ³⁰
53 3602 259 3685 peruenimus
287 3600 330 3665 ad
358 3600 517 3683 quoddam
547 3602 711 3667 castellum
740 3602 889 3684 frequens
911 3606 944 3665 et
971 3601 1115 3683 opulens,
1139 3599 1225 3666 unde

121 3892 135 3940 2
154 3903 205 3943 mer
221 3889 246 3960 f,
264 3886 325 3943 meir
342 3887 479 3953 ratoldF,
498 3850 586 3957 merup
673 3894 687 3939 5
707 3892 825 3941 ecorrurt
841 3886 886 3956 qu
973 3892 986 3940 7
1005 3866 1143 3957 pflath,
1162 3902 1222 3952 per·

51 3984 130 4038 haurt
147 4001 166 4050 φ
252 3986 266 4036 8
284 3982 385 4036 msere.
411 3982 439 4046 F,
463 3982 592 4049 mrlerep
661 3987 766 4034 mumta
782 3980 835 4050 F'p
931 3985 961 4035 13
980 3986 1090 4035 mctrma
1108 3986 1223 4051 praeter

51 4095 76 4131 ur
95 4094 114 4129 α
131 4090 184 4129 sec.
211 4092 292 4129 mortu
311 4077 339 4129 to
361 4091 462 4128 rasura
486 4076 514 4128 r'o
539 4074 571 4139 F,
599 4078 709 4128 urctlma
735 4094 755 4143 φ
855 4080 884 4129 14
910 4075 1001 4144 media
1026 4075 1059 4139 F,
1086 4072 1177 4126 medra
1201 4094 1221 4143 φ

50 4175 79 4225 22
110 4169 250 4237 asportant
280 4188 314 4236 p:
349 4168 507 4239 adlportant
531 4168 558 4221 F
653 4172 685 4222 23
714 4168 838 4236 -anllerel
863 4174 891 4235 (n
917 4168 980 4223 odd.
1004 4173 1031 4223 ct
1057 4167 1172 4221 mediam
1207 4184 1222 4222 e

49 4280 119 4321 corr.
144 4277 182 4316 ex
208 4275 225 4313 a
256 4277 352 4314 monus
382 4262 518 4327 secunda)
544 4264 583 4326 F,
609 4263 726 4331 palleret
763 4283 783 4332 φ
812 4263 877 4334 edos
967 4267 999 4316 25
1025 4277 1179 4331 quanquam
1198 4262 1227 4316 F

48 4390 78 4441 29
96 4344 202 4453 pe'com
219 4378 247 4433 F
