2934 4900
413 278 415 286 ,
521 239 593 288 ear.
617 234 778 288 1111-er
991 268 994 280 .
1165 226 1221 287 tat

65 411 128 458 mes
151 398 182 459 ct
203 391 368 457 infortunii
391 392 480 458 socia
501 398 594 458 tonso
610 392 726 477 capillo
748 393 784 456 iu
807 392 1020 458 masculinam
1041 392 1155 460 faciem
1175 410 1225 458 re·

65 504 193 567 formato
214 502 328 567 habitu
350 501 593 586 pretiosissimis
615 502 782 571 monilium
804 511 836 568 et
852 523 936 573 auro
959 503 1111 568 monetali
1133 502 1224 568 zonis

65 613 183 679 refertis
211 613 351 678 incincta
376 612 459 678 inter
490 613 582 698 ipsas
619 613 865 680 custodientium
893 614 1029 678 militum
1057 634 1172 679 manus
1194 619 1227 677 et

65 724 185 807 gladios
212 722 317 789 nudos
345 722 506 808 intrepida
539 731 722 789 cunctorum
754 710 970 809 periculorum
1005 714 1167 809 particeps
1195 729 1228 788 et

39 837 117 918 5pro
139 833 246 899 mariti
269 834 372 900 salute
400 835 591 918 peruigilem
619 853 729 900 curam
758 835 922 902 sustineus
944 853 1117 900 aerumnas
1139 832 1228 900 adsi·
1305 828 1310 836 “

64 944 139 1010 duas
160 945 291 1028 ingenio
307 946 449 1010 masculo
464 945 653 1012 sustinebat.
676 945 805 1027 iamque
828 946 976 1030 plurimis
997 945 1124 1012 itineris
1145 943 1227 1009 diffi-

64 1054 226 1122 cultatibus
259 1057 422 1138 marisque
449 1054 624 1121 temonibus
653 1057 828 1123 exantlatis
854 1055 1055 1140 Zacynthum
1082 1055 1225 1139 petebat,

65 1185 154 1246 quam
175 1187 245 1232 sors
269 1167 299 1231 ei
321 1166 429 1233 fatalis
452 1167 639 1232 decreuerat
665 1167 894 1253 temporariam
916 1165 1036 1235 sedem.
1071 1164 1223 1253 sedeunt
1244 1161 1305 1226 VH

65 1281 193 1359 primum
216 1277 292 1344 litus
315 1277 496 1360 Antinoum,
534 1295 596 1358 quo
624 1283 700 1342 tuuc
721 1277 913 1342 Macedonia
942 1276 1070 1362 delapsi
1097 1297 1225 1360 grassa·
1330 1312 1333 1325 ι

29 1393 51 1440 m
65 1386 189 1469 bamus,
217 1387 412 1472 appulisset,
441 1393 534 1452 nocte
561 1393 708 1472 promota
729 1387 931 1453 tabernulam
954 1386 1117 1471 quandam
1139 1388 1225 1452 litori
1329 1387 1333 1391 ’

65 1498 197 1581 uanique
219 1499 399 1582 proximam
422 1498 534 1563 uitatis
555 1497 654 1563 maris
675 1496 825 1565 fluctibus
846 1499 1059 1564 incubabant:
1096 1497 1225 1563 inuadi-

65 1629 128 1674 mus
150 1616 182 1673 et
204 1608 372 1694 diripimus
395 1608 504 1673 onrnia
525 1627 583 1674 nee
605 1614 713 1673 tamen
736 1608 879 1691 periculo
900 1609 965 1674 leui
993 1609 1139 1694 temptati
1161 1606 1225 1674 dis·
1267 1666 1278 1676 .

66 1719 223 1786 cessimus.
261 1719 357 1785 simul
384 1738 524 1802 namque
551 1719 690 1804 primum
713 1739 826 1786 sonum
847 1719 965 1785 ianuae
986 1726 1135 1784 matrona
1156 1738 1226 1803 per-

24 1849 25 1868 1
66 1828 152 1912 oepit,
186 1849 377 1915 procurrens
413 1829 448 1894 in
482 1829 661 1894 cubiculum
697 1829 891 1896 clamoribus
924 1830 1078 1912 inquietis
1112 1837 1227 1895 cuncta

29 1951 51 1998 11
65 1939 197 2005 miscuit
220 1939 338 2006 milites
375 1959 514 2021 suosque
550 1941 687 2007 famulos
723 1939 912 2017 nominatim
945 1939 1003 2006 sed
1036 1947 1068 2006 et
1101 1959 1227 2005 omnem

34 2049 36 2056 '
66 2050 209 2115 uiciniam
231 2045 447 2133 suppetiatum
476 2069 657 2116 conuooans
686 2051 751 2117 nisi
780 2050 866 2135 quod
886 2070 1009 2135 pauore
1030 2058 1224 2134 cunctorum,

66 2160 113 2242 qui
133 2159 195 2226 sibi
217 2160 354 2242 qdisque
376 2165 554 2227 metuentes
576 2161 825 2242 delitescebant„
855 2161 1003 2227 effectum
1031 2168 1081 2227 est
1108 2168 1143 2226 ut
1169 2163 1229 2225 im-

66 2291 142 2352 pune
173 2269 422 2338 discederemus.
459 2270 517 2338 sed
548 2271 694 2356 protinus
729 2271 1004 2338 sanctissima-
1032 2291 1111 2337 uera
1140 2271 1227 2338 enim

66 2379 195 2447 dicenda
217 2389 291 2447 sunt
312 2417 359 2432 -a
376 2389 408 2471 et
430 2383 546 2448 unicae
568 2381 643 2447 fidei
672 2383 792 2447 femina
820 2381 914 2450 bonis
936 2381 1060 2448 artibus
1075 2382 1224 2474 'gratiosa

29 2492 52 2543 11
65 2493 206 2574 precibus
227 2491 270 2557 ad
293 2492 445 2559 Caesaris
466 2514 586 2559 numen
613 2494 769 2578 porrectis
792 2501 825 2560 et
844 2494 959 2559 marito
981 2492 1120 2559 reditum
1142 2496 1223 2560 eele-

24 2598 53 2659 n]
67 2620 126 2667 rem
162 2610 194 2670 et
221 2602 438 2687 adgressurae
474 2605 604 2689 plenam
639 2604 816 2670 uindictam
845 2602 1040 2690 impetrauit.
1088 2604 1227 2689 denique

65 2714 159 2781 noluit
169 2733 243 2780 esse
255 2712 378 2793 Caesar
391 2714 509 2779 Haemi
519 2715 656 2783 latronis
671 2716 842 2799 collegium
854 2722 886 2782 et
896 2715 1063 2783 confestim
1075 2716 1228 2781 interluit.

65 2829 180 2890 tautum
192 2830 298 2910 potest
310 2832 406 2891 nutus
422 2824 519 2891 etiam
533 2827 642 2909 magni
656 2812 822 2909 principis.
856 2832 924 2891 tota
937 2825 1076 2909 denique
1089 2826 1229 2892 factione

66 2935 242 3001 militarium
255 2918 511 3001 'auxiliationem
532 2934 688 3019 indagatu
710 2936 856 3002 confecta
884 2943 981 3019 atque
1003 2934 1134 3001 concisa
1155 2934 1227 3017 ipse

28 3052 51 3103 m
66 3064 110 3108 me
138 3046 262 3111 furatus
296 3065 393 3129 aegre
427 3046 515 3112 solus
548 3045 663 3113 mediis
696 3045 772 3113 Orci
793 3045 938 3112 faucibus
960 3045 1003 3110 ad
1030 3046 1116 3110 hunc
1137 3044 1227 3109 euasi

66 3156 195 3222 modum.
219 3162 348 3241 sumpta
370 3163 460 3221 ueste
481 3155 629 3223 muliebri
651 3156 768 3222 florida
788 3158 823 3222 in
846 3156 937 3223 sinus
958 3154 1110 3223 flaccidos
1125 3156 1224 3220 abun·
1246 3150 1326 3216 VllI

67 3264 155 3332 dante
178 3267 492 3351 mitellaquetextili
514 3274 658 3333 contecto
680 3268 786 3353 capite
808 3266 927 3334 calceis
955 3266 1119 3331 femininis
1140 3264 1224 3331 albis

66 3374 123 3443 illis
145 3384 176 3443 et
196 3376 346 3443 tenuibus
369 3375 510 3445 indutus·
523 3386 555 3445 et
577 3380 610 3443 111
634 3379 815 3463 sequiorem
831 3398 944 3443 sexum
966 3378 1108 3442 incertus
1129 3382 1227 3459 atque

67 3486 266 3553 absconditus
297 3488 398 3553 asello
428 3490 537 3573 spicas
565 3488 732 3556 ordeacias
762 3488 887 3573 gerenti
915 3487 1062 3555 residens
1084 3506 1142 3570 per
1165 3505 1229 3551 me-

29 3594 52 3643 31
67 3595 130 3663 dias
152 3598 238 3663 acies
268 3598 378 3664 infesti
408 3600 520 3665 militis
548 3599 738 3667 transabiui.
774 3619 851 3663 uam
879 3598 1046 3664 mulierem
1078 3604 1229 3683 putantes

66 3709 235 3775 asinariam
258 3706 479 3775 concedebant
508 3710 627 3776 liberos
656 3711 764 3777 abitus
787 3710 907 3794 quippe
929 3728 999 3773 cum
1031 3708 1110 3774 mihi
1132 3708 1229 3773 etiam

71 3877 363 3898 *w—

126 3970 139 4019 5
160 3966 269 4021 fulnnei
285 3972 291 4025 1
305 3970 321 3979 “
337 3964 400 4019 add.
418 3980 514 4019 monas
537 3962 722 4027 recursor,
749 3961 912 4029 fuitrnenfp
1000 3966 1013 4013 1
1040 3956 1186 4014 aaohmthd
1206 3961 1230 4010 F

66 4058 165 4114 111111
180 4066 252 4115 actis
269 4054 303 4114 ct
321 4064 346 4125 (c
363 4075 432 4113 corr.
452 4059 479 4111 m
496 4061 518 4122 1)
535 4056 579 4127 Fa
667 4060 697 4111 13
715 4070 797 4125 naum
814 4054 846 4119 F,
863 4060 963 4125 nima
1051 4042 1230 4113 11111111

67 4175 115 4229 aid.
139 4178 289 4246 1111111)11’,
314 4162 412 4247 effide
500 4181 532 4231 22
552 4172 650 4245 colrgrir
669 4174 714 4244 Fp
798 4135 919 4228 interibit
942 4177 970 4239 (r
987 4172 1049 4227 add.
1073 4188 1170 4227 manus
1186 4189 1228 4226 se·

67 4270 157 4339 1111111)
175 4273 212 4341 F,
237 4276 393 4343 rutenbrtp
480 4274 513 4326 26
530 4270 704 4325 habundante
721 4267 750 4322 F
839 4267 1035 4323 consulamur
1061 4266 1100 4320 F⁴
1194 4270 1223 4336 31
1243 4304 1246 4309 .
1281 4349 1282 4352 Ἴ

68 4363 123 4425 adli
140 4366 184 4435 Fa
