2934 4900
208 285 214 292 ,
234 225 292 286 158
723 237 815 283 oraru
836 237 909 283 vrru

231 397 263 456 et
283 389 326 455 ad
348 389 444 454 huius
466 387 553 454 modi
574 387 698 471 flagitia
728 389 931 472 perastutula
959 387 1175 454 tenacissimis
1196 386 1383 470 amplexibus

231 497 415 586 expeditum
437 499 599 565 hominem
629 499 732 578 dolio,
769 499 947 582 quoderat
974 499 1009 564 in
1029 499 1149 583 angulo
1171 497 1382 564 semiobrutum

231 611 288 679 sed
310 613 392 676 alias
414 629 565 692 uacuum,
589 609 831 677 dissimulanter
852 610 1039 692 abscondit,
1068 616 1102 676 et
1122 607 1290 694 patefactis
1309 607 1382 671 aedi·

230 723 290 788 bus
312 721 418 787 adhuc
440 722 654 787 introeuntem
675 723 824 788 maritum
847 740 964 806 aspero
979 739 1127 786 sermone
1148 718 1265 803 accipit
1281 713 1381 784 ‘sicine

230 853 351 899 uacuus
375 840 406 898 et
426 832 549 898 otiosus
571 833 745 899 insinuatis
767 832 917 898 manibus
933 831 1114 898 ambulabis
1128 829 1209 894 mihi
1230 849 1290 894 nec
1310 827 1409 892 obitoo

230 939 381 1009 consueto
403 943 514 1008 labore
536 943 623 1008 uitae
645 950 775 1009 nostrae
797 942 975 1027 prospicies
997 948 1029 1032 et
1050 940 1174 1023 aliquid
1195 939 1314 1004 cibatui
1340 958 1383 1021 pa·

229 1053 339 1119 rabis?
360 1059 394 1118 at
408 1072 468 1136 ego
490 1053 609 1120 misera
629 1072 753 1137 pernox
768 1061 800 1120 et
821 1071 880 1137 per
901 1052 987 1119 diem
1009 1052 1151 1118 lanificio
1172 1069 1290 1116 neruos
1304 1067 1378 1112 meos

231 1171 424 1247 contorqueo
446 1170 481 1228 ut
501 1163 587 1227 intra
614 1165 763 1230 cellulam
790 1171 933 1230 nostram
963 1165 1077 1228 saltem
1113 1164 1247 1227 lucerna
1281 1162 1379 1224 luceat.

233 1282 351 1358 quanto
374 1294 425 1340 me
447 1273 569 1338 felicior
590 1273 730 1358 Daphne
753 1273 859 1339 uicina
887 1293 972 1357 quae
1006 1293 1095 1339 mero
1123 1280 1156 1338 et
1176 1270 1311 1356 prandio
1330 1287 1381 1332 ma·

229 1385 331 1449 lutino
354 1385 464 1451 saucia
486 1403 556 1448 curn
579 1385 645 1450 suis
668 1383 823 1450 adulteris
845 1377 1040 1460 uolutaturl‘
1399 1393 1423 1440 ro

162 1475 206 1539 Vl
315 1493 369 1557 Sic
390 1495 725 1560 confutatusmoritus
751 1490 887 1579 ‘ecquid
915 1495 988 1562 istic
1015 1491 1102 1560 estl'
1133 1494 1179 1558 ait
1203 1489 1302 1558 ‘nam
1321 1491 1382 1554 licet

230 1606 351 1672 forensi
373 1605 501 1688 negotio
524 1605 701 1670 officinator
723 1614 833 1672 noster
860 1613 1000 1672 attentus
1028 1606 1126 1670 ferias
1156 1603 1250 1669 nobis
1277 1600 1381 1677 fecerit,

230 1724 338 1782 tamen
360 1716 534 1781 hodiernae
556 1717 690 1781 cenulae
711 1724 842 1782 nostrae
864 1717 1025 1801 prospexi.
1057 1715 1149 1781 uides
1170 1713 1258 1780 istud
1278 1711 1382 1777 dolium

231 1826 316 1910 quod
338 1845 464 1912 semper
485 1845 620 1890 uacuum
642 1826 760 1891 frustra
788 1828 894 1890 locum
916 1827 1038 1892 detinet
1064 1832 1189 1890 tantum
1211 1831 1244 1890 et
1263 1843 1298 1888 re
1316 1841 1383 1887 uera

230 1943 358 2019 praeter
384 1936 647 2020 impedimentum
682 1937 937 2003 conuersationis
972 1920 1104 2002 noemae
1139 1936 1223 2001 nihil
1254 1940 1422 2018 praesuta

230 2047 393 2130 amplius?
415 2046 502 2112 istud
524 2066 584 2129 ego
606 2047 747 2129 quinque
767 2048 911 2113 denariis
933 2048 1060 2112 cuidam
1074 2047 1241 2112 uenditaui
1262 2042 1387 2109 etadest

192 2169 209 2252 ’Δ
230 2164 264 2222 ut
286 2156 360 2222 dato
382 2157 485 2240 pretio
508 2175 616 2222 secum
639 2178 707 2224 rem
729 2143 825 2224 suam
843 2159 934 2223 ferat.
957 2159 1033 2240 quin
1048 2158 1157 2239 itaque
1178 2153 1385 2240 praecingeris

230 2268 372 2351 mihique
394 2287 523 2332 manum
552 2269 711 2352 tantisper
738 2269 961 2334 accommodas
983 2275 1019 2332 ut
1039 2268 1227 2332 exobrutum
1256 2263 1386 2350 protinus

229 2379 375 2442 tradatur
397 2371 550 2463 emptori.'

314 2490 397 2554 Ere
425 2496 502 2553 nata
530 2490 659 2554 fallacia
687 2491 801 2556 mulier
828 2492 1034 2555 temerarium
1061 2490 1177 2554 tollens
1208 2486 1384 2553 cachinnum
1399 2501 1423 2549 rc

226 2592 399 2682 ‘magnum’
423 2600 526 2681 inquit
544 2594 651 2666 ‘istum
675 2602 778 2665 uirum
802 2622 840 2666 ac
862 2608 1026 2667 strenuum
1047 2600 1281 2683 negotiatorem
1303 2602 1386 2661 nacta

230 2731 299 2775 sum
323 2710 377 2793 qui
400 2731 476 2790 rem,
499 2731 594 2792 quam
610 2720 670 2795 ego
686 2712 800 2776 mulier
815 2719 847 2777 et
867 2712 951 2775 intra
966 2710 1142 2794 hospitium
1164 2715 1312 2774 contenta
1331 2706 1385 2769 iam

230 2819 348 2885 dudum
372 2828 495 2905 septem
517 2820 660 2887 denariis
681 2821 824 2903 uendidi‚
847 2823 981 2886 minoris
1004 2813 1172 2887 distraxit?

312 2932 540 2997 Additamento
576 2933 670 3016 pretii
707 2933 812 2997 lactus
839 2932 975 2997 maritus
1000 2928 1047 2997 ‘et
1074 2931 1145 3014 quis
1174 2924 1237 2994 ille'
1267 2928 1312 2992 ait
1328 2920 1385 3005 ‘qui

228 3049 316 3108 tanto
339 3042 441 3125 pretio
463 3038 710 3128 praestinauitf'
1400 3054 1420 3101 rt

314 3154 357 3217 nt
383 3153 441 3217 illa
465 3146 570 3235 ‘olim,
608 3146 723 3237 inepte'
755 3154 859 3236 inquit
878 3146 1058 3218 ‘descendit
1085 3152 1120 3215 in
1142 3150 1262 3215 dolium
1284 3146 1385 3214 sedulo

231 3263 424 3329 soliditatem
447 3249 518 3328 eius
537 3256 749 3347 probaturus?

147 3383 203 3449 Vl]
313 3376 381 3439 Neo
409 3374 464 3438 ille
493 3374 633 3439 sermoni
670 3374 813 3437 mulieris
851 3372 952 3437 defuit
980 3372 1038 3437 sed
1067 3390 1227 3454 exurgens
1250 3368 1385 3434 alacriter
1399 3364 1437 3431 [nc

228 3477 298 3550 ‘uis'
323 3484 426 3567 inquit
444 3478 569 3550 ‘uerum
592 3485 683 3564 scire,
707 3490 809 3547 mater
831 3483 992 3548 familias?
1014 3483 1074 3547 boc
1089 3482 1148 3546 tibi
1164 3475 1285 3546 dolium
1299 3474 1384 3543 nimis

231 3604 391 3662 uetustum
414 3602 463 3661 est
485 3601 517 3660 et
539 3594 746 3659 multifariam
768 3594 858 3659 rimis
886 3593 1049 3658 hiantibus
1078 3583 1240 3673 quassum'
1271 3588 1315 3654 ad
1334 3605 1386 3651 ma·
1399 3588 1420 3636 3⁰

229 3706 386 3787 ritumque
419 3706 489 3771 eius
517 3705 758 3770 dissimulanter
784 3724 961 3769 conuersus
978 3698 1071 3787 ‘quin
1104 3708 1138 3766 tu
1160 3702 1339 3785 quicunque
1358 3714 1387 3759 es

229 3816 414 3897 homuncio,
451 3808 622 3881 lucernam³
648 3816 693 3879 ait
712 3808 865 3879 ‘actutum
895 3814 974 3877 mihi
996 3813 1132 3898 expedis
1160 3820 1194 3876 ut
1222 3813 1324 3877 erasis
1349 3808 1386 3870 iu·

298 4071 463 4139 trntroente
480 4084 516 4137 F¹
603 4046 725 4139 bilicmr
743 4091 767 4144 le
784 4084 847 4137 odd.
866 4102 900 4136 or.
926 4087 989 4147 soe.)
1014 4082 1043 4136 F
1107 4076 1206 4135 dafhne
1224 4081 1252 4135 F
1326 4082 1349 4130 ll
1366 4077 1387 4125 et

230 4180 294 4248 quud
311 4180 339 4231 F
422 4183 451 4231 13
470 4178 547 4231 urdcf
561 4176 625 4231 rftut
650 4178 681 4246 f:
707 4178 803 4231 urdefrf
827 4183 858 4230 ut
875 4178 912 4242 F,
935 4176 998 4231 mdc
1017 4178 1049 4229 frf
1069 4180 1137 4245 uto
1226 4180 1256 4227 lo
1275 4162 1390 4228 nrchrlF

196 4330 199 4334 ,
232 4278 262 4327 te
282 4288 395 4341 qumque
410 4291 445 4365 p:
463 4256 535 4340 fepte
553 4272 581 4324 tn
599 4286 653 4324 ror.
673 4288 690 4324 a
707 4288 790 4324 morra
808 4272 992 4325 recentissima
1009 4270 1037 4322 F
1102 4274 1134 4322 24
1151 4268 1330 4349 abditamento
1346 4259 1381 4324 Ff

231 4372 261 4421 27
282 4366 420 4420 fodulitatc
438 4366 474 4419 F‘
567 4370 599 4419 30
617 4367 725 4421 uetultu
743 4396 753 4417 t
771 4365 838 4436 lfot't
856 4366 875 4428 ft
893 4365 925 4432 F,
943 4365 1072 4421 uenuftuf
1088 4380 1158 4420 corr.
1178 4363 1206 4416 in
1224 4361 1382 4422 uetustump
