2934 4900
230 178 269 238 72
734 187 826 234 amar
847 187 897 233 1111

230 344 286 409 bat
313 340 404 427 quid·
424 343 544 408 malum
571 341 663 408 fleret
690 339 745 404 uel
772 337 851 422 quid
881 303 1014 423 rdpente
1042 337 1240 422 postliminio
1268 354 1404 422 pressae

231 453 347 540 quietis
375 451 621 518 lamentationes
656 449 844 516 licentiosas
872 448 1052 532 replicaret.
1093 443 1265 514 ‘nimirum'
1298 446 1404 530 inquit

228 557 330 629 ‘tanto
352 562 542 647 compendio
564 568 640 628 tuae
667 558 900 643 redemptionis
928 558 1121 625 defraudare
1147 560 1283 626 iuuenes
1311 577 1401 622 meos

231 673 398 740 destinas?
428 670 513 756 quod
536 672 564 740 si
585 670 695 756 pergis
710 669 854 750 ulterius,
877 669 942 734 iam
964 670 1039 734 laxo
1054 670 1195 736 lacrimis
1215 670 1298 748 istis,
1322 687 1403 752 quas

230 785 324 870 parui
352 783 495 869 pendere
522 784 663 848 latrones
692 786 901 861 consuerunt,
936 780 1068 866 insuper
1096 781 1215 847 habitis
1244 781 1323 846 uiua
1352 789 1427 844 err-b

217 889 345 962 'crare’

99 1007 209 1074 XXVI
316 1003 389 1070 Tali
411 1003 522 1088 puella
555 1019 702 1068 sermone
717 1000 885 1084 ‘deterrita
919 1021 1081 1084 manuque
1098 1003 1183 1068 eius
1217 1003 1401 1069 exosculata

226 1109 344 1200 ‘parce'
367 1112 472 1197 inquit
491 1111 548 1176 ‘mi
569 1130 686 1196 parens
715 1118 748 1174 et
774 1110 945 1178 durissimo
974 1112 1063 1178 casui
1093 1132 1164 1177 meo
1187 1113 1324 1197 pietatis
1349 1113 1400 1177 hu-

229 1244 346 1292 manae
368 1243 489 1288 memor
511 1222 650 1289 subsiste
665 1221 841 1306 paululum.
878 1223 1047 1303 nonenim,
1070 1228 1104 1286 ut
1126 1242 1207 1303 reor,
1231 1243 1313 1288 aeuo
1335 1225 1399 1288 lon-

229 1336 319 1419 giore
348 1340 527 1399 maturatae
553 1331 612 1397 tibi
642 1332 675 1396 in
699 1331 763 1398 ista
791 1344 904 1398 sancta
931 1332 1050 1397 canitie
1079 1333 1242 1399 miseratio
1270 1354 1397 1417 prorsus
1415 1343 1435 1391 tc

230 1445 366 1512 exaruit.
410 1450 520 1528 specta
541 1441 681 1526 denique
704 1460 856 1508 scaenam
877 1461 970 1508 meae
998 1443 1201 1508 calamitatis.
1238 1445 1398 1529 speciosus

229 1557 420 1622 adulescens
441 1554 527 1620 inter
549 1573 624 1620 suos
646 1551 846 1637 principalis,
868 1572 963 1638 quem
985 1553 1086 1618 filium
1114 1553 1275 1639 publicum
1298 1555 1398 1619 omnis

229 1667 291 1732 sibi
306 1666 419 1731 ciuitas
434 1663 605 1749 cooptauit‚
621 1683 711 1728 meus
726 1663 871 1746 alioquin
886 1662 1104 1743 consobrinus,
1125 1666 1250 1729 tantulo
1264 1665 1397 1730 triennio

231 1777 334 1842 maior
355 1777 390 1840 in
412 1780 528 1857 aetate,
552 1773 607 1856 qui
628 1793 752 1839 mecum
774 1773 887 1858 primis
907 1772 949 1837 ab
972 1773 1068 1839 annis
1096 1774 1232 1840 nutritus
1260 1790 1292 1841 et
1312 1775 1396 1839 adul·

230 1895 281 1953 tus
301 1884 470 1953 indiuiduo
494 1884 700 1962 contubernio
720 1883 934 1961 domusculae,
950 1883 1047 1948 immo
1070 1904 1146 1949 uero
1169 1885 1306 1950 cubiculi
1327 1886 1396 1949 tori·
1413 1897 1433 1943 u

230 2017 292 2082 que
315 2002 446 2063 sanctae
468 1993 612 2060 caritatis
641 1993 823 2059 adlectione
845 1999 953 2059 mutuo
982 1993 1060 2058 mihi
1088 1996 1276 2078 pigneratus
1303 1996 1396 2061 uotis·

229 2127 290 2192 que
301 2103 498 2190 nuptialibus
508 2109 602 2187 pacto
614 2104 714 2186 iugali
726 2101 851 2188 pridem
863 2102 1052 2184 destinatus,
1065 2123 1223 2171 consensu
1234 2114 1396 2189 parentum

230 2217 350 2283 tabulis
372 2216 468 2281 etiam
491 2203 625 2280 maritus
653 2221 856 2298 nuncupatus
878 2214 922 2278 ad
950 2215 1080 2298 nuptias
1109 2214 1215 2280 officio
1244 2217 1396 2300 frequenti

229 2333 437 2411 cognatorum
467 2331 498 2390 et
526 2323 681 2390 adfinium
713 2325 850 2410 stipatus
885 2326 1014 2410 templis
1042 2331 1074 2390 et
1101 2325 1236 2391 aedibus
1265 2328 1395 2412 publicis

229 2437 378 2503 uictimas
407 2435 603 2501 immolabat.
648 2434 763 2503 domus
791 2442 859 2500 tota
886 2436 987 2503 lauris
1009 2435 1131 2518 obsita,
1162 2436 1267 2505 taedis
1295 2438 1395 2503 lucida
1408 2453 1431 2500 ro

229 2547 457 2629 constrepebat
477 2546 702 2631 hymenaeum.
746 2554 822 2611 tunc
852 2566 903 2616 me
925 2549 1047 2631 gremio
1076 2569 1132 2613 suo
1161 2559 1264 2617 mater
1290 2550 1395 2616 infelix

231 2659 374 2725 tolerans
402 2656 521 2722 mundo
554 2656 693 2741 nuptiali
721 2655 873 2722 decenter
907 2658 1044 2724 ornabat
1077 2662 1271 2748 mellitisque
1304 2662 1394 2727 sauiis

232 2768 384 2833 crebriter
406 2767 540 2851 ingestis
561 2767 626 2831 iam
649 2787 741 2851 spem
762 2756 902 2843 suturam
917 2768 1089 2834 liberorum
1104 2773 1188 2837 uotis
1203 2773 1309 2839 anxiis
1328 2792 1393 2857 pro·

231 2880 383 2964 pagabat‚
406 2897 477 2943 cum
499 2877 693 2962 inruptionis
715 2878 840 2943 subitae
860 2878 1075 2961 gladiatorum
1097 2881 1238 2966 impetus
1260 2883 1302 2947 ad
1323 2881 1391 2947 belli

232 2990 347 3055 faciem
375 2989 525 3055 saeuiens
557 2987 653 3055 nudis
681 2995 713 3055 ct
727 2988 865 3054 infestis
899 2990 1103 3057 mucronibus
1138 3011 1311 3059 coruscans
1336 3011 1391 3056 uon
1405 2993 1429 3040 n

232 3098 334 3180 caedi,
358 3119 421 3164 nou
453 3099 588 3182 rapinae
616 3119 730 3164 manus
758 3098 907 3166 adferunt
935 3098 992 3165 sed
1020 3098 1120 3166 denso
1149 3091 1392 3186 conglobatoque

232 3228 334 3275 cuneo
357 3208 537 3273 cubiculum
559 3215 702 3275 nostrum
725 3208 884 3275 inuadunt
915 3210 1070 3295 protinus.
1115 3231 1174 3277 uec
1201 3214 1268 3278 ullo
1296 3214 1334 3279 de
1354 3213 1391 3277 l·

233 3318 412 3384 miliaribus
434 3319 553 3385 uostris
575 3325 777 3403 repugnante
792 3340 831 3385 ac
846 3340 889 3385 ne
911 3319 1072 3385 tantillum
1087 3321 1217 3405 quidem
1233 3326 1391 3390 resistente

232 3429 382 3495 miseram
419 3429 601 3495 exanimem
634 3449 731 3495 saeuo
766 3450 886 3514 pauore
919 3430 1044 3514 trepido
1079 3431 1120 3496 de
1151 3432 1258 3498 medio
1295 3433 1392 3498 matris

300 3735 314 3784 5
334 3762 343 3783 .
361 3738 392 3805 a!
416 3733 475 3803 ilup
494 3733 613 3802 (sor't1n)
625 3731 778 3842 vF,'ilupp
872 3738 885 3785 7
904 3729 1011 3802 maudut
1031 3722 1053 3797 (⁵
1065 3733 1127 3788 add.
1154 3752 1253 3790 manas
1274 3734 1391 3794 secundat

232 3851 264 3915 F,
282 3866 389 3919 manuq3
409 3870 428 3920 φ
520 3856 551 3904 10
569 3855 684 3920 matrate
704 3859 819 3921 practer
835 3867 880 3906 ma
897 3859 924 3907 et
939 3852 1077 3923 uirqulom
1095 3852 1249 3908 eaddr'tom
1266 3857 1390 3909 inraso

232 3960 313 3998 marco
331 3942 450 3998 seorrrcdo
466 3945 571 4016 arrepto
589 3945 617 3998 ia
635 3944 663 3998 F
735 3949 763 3998 ll
784 3941 863 3999 scena
879 3945 909 3999 F
974 3950 1004 3999 12
1023 3946 1177 4000 adolescens
1191 3948 1236 4017 Fp
1303 3961 1389 4017 prauo-

231 4036 306 4105 palel
321 4036 365 4105 Fp
461 4042 488 4090 21
511 4033 644 4105 himelneb
667 4036 696 4091 F
785 4043 817 4093 22
837 4039 915 4093 labus
930 4038 958 4092 F
1048 4044 1080 4093 23
1100 4040 1171 4108 lpcm
1194 4040 1312 4095 futuram
1337 4038 1389 4093 Prr'-

233 4146 330 4183 caeus:
354 4130 398 4200 lpe
415 4128 555 4195 futuraF,
575 4114 619 4199 lpd
651 4130 755 4201 iudae
843 4137 875 4186 25
893 4131 995 4187 infestis
1020 4132 1174 4187 Worrcrus:
1193 4134 1296 4189 mlertrl
1311 4134 1339 4198 F,
1354 4132 1387 4184 in-

234 4222 311 4275 certis
330 4220 502 4289 Stcmecbt'or,
520 4223 623 4279 insertis
644 4224 805 4279 Beroaldus·
875 4229 908 4281 26
927 4226 1113 4295 conglouatoq;
1133 4226 1170 4279 F¹
1258 4225 1388 4282 ramlera

232 4315 264 4383 f:
281 4314 375 4367 misera
392 4314 436 4383 Fp
1072 4339 1075 4341 ’
