2934 4900
627 309 701 357 one.
724 308 796 355 xxx
1128 298 1133 306 '
1229 300 1289 363 225

142 488 212 534 rum
234 486 286 531 me
308 469 556 548 sumptuumque
571 460 747 547 quidquam
761 469 870 529 tamen
885 464 1043 549 paenituit
1058 464 1170 548 quidni
1185 466 1310 535 liberali
1328 536 1332 544 s

141 580 236 644 deum
259 575 464 660 prouidentia
478 575 543 640 iam
559 572 731 658 stipendiis
747 574 928 641 forensibus
943 574 1062 641 bellule
1078 576 1187 641 fotum.
1225 578 1310 645 deni-

144 710 206 775 que
227 695 301 774 post
322 686 392 753 dies
414 684 587 752 admodum
609 686 764 769 pauculos
782 684 861 752 deus
884 685 979 751 deum
995 706 1183 771 magnorum
1211 688 1312 772 potior

144 806 176 866 et
197 800 352 864 maiorum
375 819 519 865 summus
542 802 574 861 et
589 815 783 862 summorum
805 796 965 863 maximus
988 804 1020 863 et
1035 797 1244 864 maximorum
1268 820 1313 864 re·

106 946 122 990 5
143 918 259 997 grator
280 908 384 975 Osiris
406 928 472 973 non
493 908 635 974 alienam
658 906 843 992 quampiam
857 926 1027 992 personam
1043 910 1233 975 reformatus
1256 910 1314 977 sed

91 1092 97 1099 ,
144 1042 252 1087 eoram
274 1040 331 1086 suo
353 1020 409 1084 illo
431 1017 616 1085 uenerando
638 1037 690 1082 me
712 1016 864 1101 dignatus
893 1016 1057 1086 adtamine
1086 1039 1144 1103 per
1176 1021 1314 1104 quietern

147 1132 333 1217 praecipere
354 1130 445 1197 uisus
468 1136 526 1212 est,
549 1150 645 1214 quam
668 1147 754 1193 nune
781 1128 1003 1195 ineunotanter
1028 1130 1224 1214 gloriosam
1247 1131 1315 1199 foro

147 1243 318 1311 redderem
339 1240 518 1330 patrqoinia
538 1258 599 1307 neo
620 1240 861 1305 extimescerem
883 1240 1105 1306 maliuolornm
1127 1241 1315 1309 dissemina-

56 1359 131 1428 lira]
148 1356 253 1422 tiones
276 1373 356 1438 quas
378 1352 556 1419 studIorum
572 1371 714 1416 meorum
734 1350 898 1417 laboriosa
920 1350 1065 1417 doctrina
1087 1352 1131 1416 ibi
1155 1351 1317 1419 deseruie-

93 1486 127 1534 ro
152 1467 215 1532 bat.
258 1484 296 1529 ao
318 1483 358 1529 ue
380 1464 482 1530 saeris
504 1462 572 1529 suis
594 1462 685 1546 gregi
713 1468 819 1526 eetero
848 1462 1026 1548 permixtus
1048 1461 1253 1546 deseruirem‚
1285 1464 1318 1529 ln

151 1576 320 1661 eollegium
343 1594 394 1641 me
416 1573 646 1660 pastophorum
668 1592 807 1656 suorum,
831 1572 928 1639 immo
957 1573 1041 1639 inter
1062 1574 1151 1659 ipsos
1174 1573 1318 1640 deourio·

143 1710 221 1755 uum
243 1686 501 1773 quinquennales
523 1685 654 1772 adlegit,
697 1703 808 1751 rursus
830 1681 969 1766 denique
990 1683 1108 1751 abraso
1123 1685 1240 1771 oapillo
1255 1686 1316 1757 ool·

41 1848 48 1855 a
146 1800 224 1884 legii
236 1797 445 1864 uetustissimi
461 1803 493 1863 et
507 1796 567 1863 sub
577 1796 643 1863 illis
653 1795 763 1862 Sullae
777 1793 974 1880 temporibus
991 1795 1111 1862 conditi
1126 1796 1237 1863 munia
1251 1817 1316 1863 non

146 1909 334 1975 obumbrato
357 1908 410 1974 uel
424 1907 549 1974 obtecto
571 1907 701 1973 oaluitio
717 1905 777 1974 sed
799 1926 1040 1991 quoquouersus
1062 1906 1157 1972 obuio
1172 1906 1317 1990 gaudens
1378 1894 1380 1899 ¹

96 2045 129 2093 15
147 2020 285 2085 obibam.

213 2286 229 2335 2
247 2280 347 2336 uellula
364 2237 409 2349 d'p
496 2260 510 2331 'l
528 2279 683 2348 praecipere
692 2278 862 2333 Beroaldus:
879 2294 998 2348 recipere
1008 2281 1032 2330 F
1096 2278 1155 2333 faro
1174 2280 1206 2345 F,
1222 2240 1317 2349 fdrop

147 2373 412 2438 8maleuolorumF,
431 2372 654 2441 maliuolorump
739 2376 766 2425 ll
779 2368 925 2441 paltolford
944 2373 972 2426 F
1047 2377 1077 2426 12
1095 2372 1193 2427 abraso
1201 2374 1316 2447 serqrst:

146 2487 201 2539 qua
216 2485 278 2524 raro
295 2470 350 2539 Ep,
367 2485 447 2538 quam
464 2483 527 2522 raso
549 2465 705 2522 Beroaldus
775 2471 805 2520 13
825 2466 887 2537 lyllq
906 2467 934 2520 F
1000 2470 1029 2519 15
1049 2465 1119 2521 rrilrr'l
1134 2467 1316 2540 subscriptam

146 2563 220 2618 ior*
