2934 4900
235 217 294 280 128
737 232 830 280 urani
851 233 899 280 vu
1455 167 1457 230 7

236 404 298 470 que
320 385 453 470 insuper
474 383 598 449 lumbos
621 403 709 450 meos
732 384 880 452 insiliens
902 383 1082 470 residebat,
1106 383 1257 468 exiguum
1281 383 1414 450 scilicet

148 487 152 495 ¹
238 502 270 560 et
287 494 371 578 ,illud
393 501 502 560 tantae
524 495 617 562 molis
640 493 902 580 superpondium.
940 514 979 560 ac
1006 495 1100 580 siquo
1128 514 1207 561 casu
1235 493 1317 558 limo
1341 513 1413 558 cae
1456 574 1457 579 ἵ

149 637 156 654 ·
236 625 317 670 noso
347 605 437 690 ripae
466 605 636 688 supercilio
669 605 848 671 lubricante
881 606 988 674 oneris
1017 605 1211 690 inpatientia
1232 604 1413 688 prolapsus
1456 678 1457 689 χ

234 705 427 796 deruissem,
456 734 528 780 curn
550 713 683 782 deberet
703 716 854 800 egregius
882 736 983 799 agaso
1004 736 1135 782 manum
1156 715 1339 799 porrigere,
1364 735 1415 778 ca·
1456 704 1457 709 ’

235 825 337 910 pietro
361 825 574 910 suspendere,
598 826 702 892 cauda
725 826 912 907 subleuarc,
935 833 1022 892 certe
1043 832 1168 910 partem
1189 825 1275 891 tanti
1298 825 1413 890 oneris
1429 811 1459 969 51

237 935 342 1020 quoad
371 955 570 1019 resurgerem
593 938 709 1004 saltem
746 935 931 1017 detrahere,
966 937 1089 1001 nullum
1117 935 1248 1020 quidem
1275 933 1414 1001 defesso
1457 973 1459 1045 γ

237 1045 316 1110 mihi
352 1045 476 1112 terebat
512 1047 667 1112 auxilium
696 1047 754 1113 sed
783 1045 945 1131 occipiens
968 1067 989 1112 a
1010 1047 1117 1130 capite
1146 1047 1243 1111 immo
1273 1066 1360 1112 uero
1384 1055 1414 1111 et
1457 1050 1458 1131 l

237 1155 317 1240 ipsis
346 1156 478 1224 auribus
510 1164 611 1222 totum
633 1177 684 1223 me
712 1157 917 1241 compilabat,
948 1155 1055 1223 caedit
1082 1157 1160 1223 fusti
1187 1156 1414 1240 grandissimo

237 1265 338 1332 donec
360 1267 492 1333 lomenti
513 1270 585 1334 uice
615 1269 708 1354 ipsae
738 1287 789 1332 me
822 1269 941 1352 plagae
968 1268 1171 1334 suscitarent.
1209 1264 1299 1332 idem
1331 1267 1414 1330 milri
1458 1219 1460 1354 Ι

238 1378 334 1441 talem
351 1378 448 1443 etiam
463 1379 658 1461 excogitauit
680 1379 867 1463 perniciem.
905 1362 1017 1463 spinas
1032 1397 1217 1443 acerrumas
1232 1385 1264 1441 ct
1285 1383 1414 1461 punctu
1431 1356 1460 1444 ui

237 1494 396 1576 uenenato
425 1487 563 1554 uiriosas
595 1487 628 1554 in
665 1489 784 1554 fascem
822 1489 920 1553 tortili
948 1487 1034 1554 nodo
1062 1488 1252 1554 constrictas
1284 1485 1415 1552 caudae
1458 1480 1459 1499 ¹

237 1617 329 1663 meac
351 1598 509 1680 pensilem
530 1598 696 1682 'deligauit
728 1599 901 1664 cruciatum
924 1607 959 1665 ut
986 1599 1115 1664 incessu
1129 1617 1208 1680 ,meo
1230 1603 1416 1662 commotae

94 1705 219 1770 XVIIII
241 1707 454 1791 incitataeque
483 1709 618 1776 funestis
640 1710 763 1776 aculeis
791 1709 908 1776 infeste
936 1729 988 1774 me
1015 1709 1293 1774 connumerarent.
1338 1728 1415 1790 ergo
1459 1774 1461 1795 Ι

239 1819 337 1902 igitur
351 1820 484 1904 ancipiti
500 1821 585 1884 malo
608 1819 806 1885 laborabam.
830 1841 906 1886 nam
921 1839 993 1885 cum
1008 1839 1059 1884 me
1074 1840 1169 1885 cursu
1184 1819 1414 1903 proripueram

237 1929 363 2014 fugiens
400 1929 626 1997 acerbissimos
664 1931 821 2009 incursus,
855 1931 1094 1996 uehementiore
1131 1929 1205 1996 nisu
1241 1928 1413 2013 spinarum
1432 1914 1460 1984 15³

237 2040 392 2106 feriebar:
425 2040 453 2106 si
476 2040 578 2106 dolori
601 2061 737 2126 parcens
759 2042 925 2126 paululum
953 2040 1159 2121 restitissem,
1189 2039 1296 2124 plagis
1329 2059 1415 2104 conr-

238 2150 384 2236 pellebar
406 2149 448 2215 ad
471 2170 607 2218 cursum.
644 2172 704 2218 uec
726 2153 896 2236 quicquam
920 2149 1090 2216 uidebatur
1112 2150 1201 2215 aliud
1223 2150 1415 2233 excogitare

239 2283 320 2347 puer
341 2263 396 2325 ille
419 2261 634 2343 nequissimus
650 2283 747 2346 quam
766 2270 800 2326 ut
822 2281 873 2327 me
895 2260 1131 2346 quoquomodo
1154 2259 1316 2352 perditum
1341 2263 1413 2338 iret,

241 2372 339 2454 idque
361 2372 471 2438 iurans
495 2371 591 2438 etiam
613 2393 679 2438 non
701 2393 865 2458 nunquam
888 2371 1151 2439 oommiuabatur.
1175 2377 1208 2437 et
1229 2371 1330 2456 plane
1354 2372 1415 2435 init

242 2482 326 2567 quod
350 2482 420 2549 eius
442 2482 666 2551 detestabilem
681 2485 838 2549 malitiam
853 2484 896 2549 ad
918 2485 1046 2578 peiores
1062 2489 1195 2549 conatus
1217 2483 1413 2549 stimularet.
1431 2441 1463 2584 td

241 2613 317 2657 nam
345 2592 484 2675 quadam
514 2594 567 2659 die
600 2596 701 2658 nimia
738 2594 807 2660 eius
841 2595 1015 2660 insolentia
1036 2600 1223 2678 expugnata
1252 2594 1416 2677 patientia
1461 2603 1462 2674 ξ

242 2724 314 2768 mea
336 2706 440 2770 calces
462 2706 496 2769 in
519 2724 590 2769 eum
614 2704 742 2772 ualidas
765 2706 951 2769 extuleram.
981 2703 1120 2789 denique
1142 2705 1207 2769 tale
1230 2704 1358 2769 lacinus
1381 2706 1415 2769 in
1461 2707 1462 2710 ’

242 2832 293 2878 rne
315 2813 574 2880 comminiscitur.
598 2821 734 2900 stuppae
757 2794 886 2881 sarcina
909 2836 959 2881 me
981 2816 1062 2881 satis
1078 2821 1227 2880 onustum
1249 2814 1416 2899 probeque

244 2924 393 2991 funiculis
416 2926 621 2991 constrictum
643 2926 792 3011 producit
818 2925 853 2989 in
875 2924 962 2989 uiam
993 2925 1096 3009 deque
1123 2924 1271 3009 proxima
1298 2924 1415 2988 uillula

244 3038 421 3121 spirantem
443 3036 671 3102 carbunculum
708 3038 830 3101 furatus
859 3036 967 3101 oneris
998 3036 1031 3101 in
1061 3036 1133 3120 ipso
1163 3034 1343 3100 meditullio
1367 3055 1415 3099 re
1432 3048 1458 3095 aa

243 3148 342 3230 ponit.
366 3147 493 3229 iamque
522 3147 662 3213 iumento
695 3147 785 3212 tenui
814 3147 979 3212 calescens
1002 3153 1034 3211 et
1055 3146 1213 3212 enutritus
1236 3147 1320 3230 ignis
1346 3167 1416 3211 snr-

244 3257 341 3339 gebat
363 3256 396 3321 in
425 3256 572 3323 flammas
595 3263 626 3322 et
657 3263 759 3322 totum
785 3251 836 3321 me
866 3256 1012 3323 funestus
1041 3256 1138 3339 ardor
1166 3257 1334 3323 inuaserat
1356 3275 1415 3320 nec

246 3368 345 3432 ullum
367 3369 469 3452 pestis
491 3374 654 3433 extremae
683 3367 855 3449 suffugium
884 3387 945 3434 nec
975 3367 1089 3433 salutis
1118 3365 1251 3448 aliquod
1279 3373 1417 3451 apparet

249 3478 404 3543 solacium
426 3486 457 3543 et
472 3478 596 3543 ustrina
618 3477 693 3543 talis
709 3497 816 3543 moras
838 3498 904 3543 non
926 3479 1090 3546 sustinens
1113 3480 1164 3555 [etl
1186 3476 1322 3542 meliora
1343 3497 1416 3542 con·

159 3586 225 3651 XX
248 3588 323 3653 silia
343 3588 566 3672 praeuertitur.
591 3587 648 3655 sed
670 3588 705 3653 in
727 3587 824 3653 rebus
847 3588 973 3653 scaenis
996 3587 1129 3655 adfulsit
1150 3588 1298 3653 samanae
1318 3595 1416 3653 nutus
1434 3604 1460 3651 so

246 3697 381 3763 hilarior
402 3698 511 3764 nescio
534 3718 576 3763 an
598 3698 712 3764 futuris
742 3698 893 3783 perieulis
916 3717 967 3761 me
994 3717 1182 3779 reseruans,
1211 3704 1297 3764 certe
1324 3719 1417 3783 prae-

250 3814 341 3874 sente
364 3813 546 3889 statutaque
568 3816 669 3874 morte
691 3808 844 3875 liberans.
883 3819 958 3873 tram
986 3808 1066 3873 forte
1087 3809 1219 3892 pluuiae
1247 3808 1418 3893 pridianae

316 4068 457 4122 3horrcr1l
473 4068 501 4121 F
565 4044 597 4121 Ι5
617 4052 689 4123 certd
713 4060 862 4135 (erasum)
880 4068 919 4131 F,
944 4072 1054 4136 certep
1141 4068 1286 4123 801th
1349 4070 1420 4122 iuter

249 4163 313 4215 crnht
330 4168 357 4215 et
373 4161 435 4215 futu
453 4162 551 4216 lacuna
570 4167 699 4231 quattuor
714 4162 865 4217 la'ttcrarum
884 4162 912 4214 ic
932 4160 975 4231 Fa
993 4161 1042 4214 scd
1058 4161 1127 4217 cabil
1137 4163 1225 4234 periit
1295 4166 1326 4215 tt
1344 4176 1419 4214 acer·

249 4254 409 4309 urltrmolF
494 4259 526 4309 23
545 4255 681 4323 probeque
705 4253 884 4311 occaecatus:
906 4270 985 4323 ppeq;
1012 4255 1056 4323 Fp
1143 4260 1175 4308 25
1195 4252 1362 4310 carnunculir
1382 4254 1420 4307 θ’

209 4335 282 4399 ⁰29
301 4354 327 4401 ct
343 4342 458 4403 dclcau'¹
