2934 4900
181 201 182 206 ¹
220 188 312 246 dib·
730 167 828 247 'maer
848 201 885 247 v1

222 353 304 426 nihil
321 352 416 425 ¹aliud
438 373 534 436 quiam
557 352 719 419 dormiens
743 353 892 420 cadauer.
916 354 975 420 sed
1000 355 1126 441 Cupido
1147 356 1212 420 iam
1242 356 1400 420 cicatrice

213 463 329 534 ‘solida
360 464 565 530 reualescens
594 483 653 540 nec
683 464 842 529 diutinam
867 485 945 531 suae
967 465 1110 551 Psyches
1141 465 1328 532 absentiam
1352 472 1398 529 to·

220 581 329 648 lerans
351 595 410 659 per
432 575 622 658 altissimam
644 574 782 640 cubiculi
812 596 874 658 quo
902 576 1113 641 cohibebatur
1140 577 1273 658 clapsus
1307 575 1397 640 lene-

222 697 320 760 stram
343 686 533 768 relectisque
554 685 663 768 pinnis
686 686 855 768 aliquanta
869 687 975 770 quiete
996 688 1093 770 longe
1115 685 1258 752 uelocius
1279 705 1396 768 prouo-

166 847 167 852 κ
222 801 296 870 lans
311 797 468 882 *Psychen
490 794 627 861 accurrit
649 817 742 861 suam
764 795 956 882 detersoque
986 818 1098 864 somno
1120 798 1246 861 curiose
1267 801 1303 860 et
1325 817 1393 860 rur-
1423 790 1433 835 l

223 933 293 979 snm
326 911 359 973 in
392 907 563 991 pristinam
591 905 722 991 pyxidis
751 907 861 972 sedem
889 908 1054 973 recondito
1082 907 1232 992 Psychen
1260 905 1395 970 innoxio

214 1021 373 1110 punctulo
396 1019 534 1102 sagittae
556 1035 636 1083 suae
659 1018 793 1084 suscitat
815 1026 847 1083 et
865 1011 972 1084 ‘ecee'
996 1019 1102 1104 inquit
1120 1011 1267 1084 ‘rursum
1288 1016 1395 1102 peric

193 1111 284 1217 Tra,
303 1131 449 1212 missua
482 1128 580 1195 simtu
602 1128 798 1194 curiositate.
827 1129 885 1195 seu
907 1131 1035 1195 assem
1058 1130 1187 1214 quidem
1208 1134 1244 1191 a
1265 1127 1396 1211 proua-

220 1243 312 1324 ciam‚
336 1261 420 1326 quae
441 1240 501 1303 tibi
523 1239 635 1305 matris
658 1257 750 1303 meae
771 1247 942 1325 praecepto
957 1240 1112 1305 mandata
1133 1247 1193 1321 cst
1215 1256 1393 1320 exsequere

222 1355 357 1434 nauiter,
381 1340 487 1416 cetera
509 1355 635 1432 egomet
656 1342 794 1414 uidero'
827 1349 878 1416 his
901 1351 995 1417 dietis
1018 1357 1142 1416 amator
1163 1351 1246 1415 leuis
1269 1349 1302 1413 iu
1327 1349 1395 1430 pin·
1410 1342 1432 1388 ¹⁰

88 1460 91 1467 ’
222 1485 284 1530 nas
312 1483 348 1529 se
375 1460 479 1542 dedit,
513 1453 640 1544 Psyche
668 1479 745 1525 uero
777 1461 945 1526 confestim
967 1462 1086 1528 Veneri
1108 1471 1229 1527 munus.
1252 1467 1395 1543 reportat

163 1617 165 1623 ,
222 1573 447 1657 Proserpinae.
994 1639 997 1644 ι

103 1678 203 1744 XXII
233 1687 234 1692 ’
308 1685 437 1748 Interea
458 1681 584 1765 Cupido
606 1701 716 1746 amore
737 1681 838 1746 nimio
860 1702 996 1766 peresus
1011 1691 1042 1748 et
1056 1705 1156 1768 aegra
1177 1682 1259 1748 facie
1280 1681 1392 1745 matris

223 1814 309 1861 suae
324 1794 527 1877 repentinam
550 1791 755 1858 sobrietatem
789 1793 1019 1877 pertimescens
1047 1795 1091 1858 ad
1119 1793 1281 1859 armillum
1308 1791 1393 1857 redit

222 1907 348 1988 alisque
371 1903 555 1989 pernicibus
578 1903 660 1967 caeli
682 1909 852 1987 penetrato
867 1904 988 1969 uertice
1000 1924 1118 1987 magno
1140 1904 1211 1968 Ioui
1232 1902 1392 1988 supplicat
1409 1897 1429 1943 ¹5

161 2054 163 2062 ·
222 2033 378 2098 suamque
412 2033 543 2079 causam
576 2013 700 2096 probat.
744 2019 819 2077 tuuc
851 2015 997 2099 Iuppiter
1029 2015 1192 2100 prehensa
1222 2012 1392 2098 Cupidinis

175 2146 177 2150 ’
220 2127 357 2206 buccula
378 2143 540 2207 manuque
572 2123 615 2188 ad
644 2143 680 2188 os
714 2144 808 2193 suum
841 2125 946 2190 relata
973 2126 1142 2191 consauiat
1163 2132 1261 2208 atque
1281 2124 1330 2190 sic
1352 2122 1392 2188 ad

164 2257 166 2285 1
221 2238 312 2301 illum
338 2229 432 2300 ‘licet
451 2225 499 2299 iu’
530 2233 634 2318 inquit
659 2227 808 2299 ‘domiue
838 2234 894 2315 tili,
926 2256 1101 2319 numquam
1130 2236 1210 2300 mihi
1237 2253 1392 2300 concessu

222 2347 319 2412 deum
341 2346 503 2411 decretum
526 2345 667 2410 seruaris
688 2344 844 2410 honorem
866 2345 924 2411 sed
946 2345 1033 2412 istud
1054 2353 1167 2430 pectus
1189 2366 1305 2428 meum,
1328 2365 1389 2428 quo

187 2493 197 2507 κ
222 2461 312 2543 leges
335 2453 566 2523 elementorum
581 2463 612 2521 et
627 2456 715 2521 uices
738 2456 879 2552 siderum
902 2458 1126 2543 disponuntur,
1149 2457 1389 2523 conuulneraris
1403 2452 1428 2501 ²⁰

158 2609 160 2615 .
223 2568 364 2635 assiduis
386 2567 502 2633 ictibus
518 2567 703 2650 crebrisque
726 2573 874 2632 terrenae
895 2568 1042 2635 libidinis
1063 2568 1245 2634 foedaueris
1262 2567 1390 2633 casibus

175 2699 176 2703 ¹
223 2686 397 2761 contraque
419 2679 510 2762 leges
533 2684 565 2742 et
586 2678 692 2760 ipsam
720 2678 836 2741 Iuliam
859 2677 1128 2764 disciplinamque
1148 2680 1312 2765 publicam
1332 2683 1391 2741 au-

219 2790 319 2873 pibus
348 2789 516 2854 adulteriis
546 2788 815 2853 existimationem
847 2790 1030 2873 famamque
1058 2810 1164 2855 meam
1196 2791 1330 2856 laeseris
1360 2790 1391 2852 in

223 2908 389 2987 serpentes
412 2900 447 2965 in
469 2900 563 2982 ignes
586 2898 619 2962 in
642 2899 727 2965 feras
750 2900 785 2963 in
807 2918 886 2965 aues
909 2907 941 2965 et
962 2901 1110 2983 gregalia
1137 2920 1241 2986 pecua
1262 2918 1389 2966 serenos

162 3032 173 3039 ‘'
222 3013 330 3078 uultus
346 3029 440 3075 meos
464 3008 594 3075 sordide
616 3008 830 3091 reformando,
853 3016 1009 3075 attamen
1024 3011 1203 3077 modestiae
1217 3030 1308 3076 meae
1327 3026 1390 3073 me·
1405 3006 1429 3053 ²5

222 3142 291 3189 mor
306 3120 455 3203 quodque
477 3120 562 3185 iuter
583 3121 663 3185 istas
685 3139 777 3185 uncas
792 3140 908 3187 manus
930 3122 1079 3190 eneceris,
1103 3128 1218 3188 cuncta
1231 3119 1390 3205 perficiam

80 3230 83 3241 '
128 3252 132 3301 ῖ.
160 3284 162 3289 -
194 3291 197 3298 .
225 3232 300 3299 dum
322 3239 431 3295 tamen
454 3230 539 3297 scias
561 3231 706 3296 aemulos
728 3237 801 3297 tuos
817 3250 932 3297 cauere
959 3251 1006 3311 ac,
1030 3231 1124 3316 siqua
1138 3252 1223 3297 nunc
1245 3232 1278 3295 in
1298 3229 1390 3293 ternis

223 3342 332 3427 puella
353 3341 534 3426 praepollet
553 3340 810 3426 pulchritudine,
840 3342 1021 3425 praesentis
1043 3342 1191 3408 beneficii
1213 3342 1313 3407 uicem
1331 3358 1390 3422 per

172 3470 174 3476 ⁸
225 3470 303 3519 cam
318 3452 397 3516 rulhi
419 3470 591 3535 repensare
604 3458 644 3517 -te
665 3442 809 3517 debere?

86 3550 242 3614 XXIII
312 3564 366 3628 Sic
387 3563 471 3627 fatus
492 3562 793 3628 iubetMercurium
815 3562 894 3627 deos
916 3581 1028 3627 omnes
1051 3563 1093 3627 ad
1115 3564 1296 3628 contionem
1321 3579 1387 3644 pro·
1401 3558 1427 3606 3⁰

172 3712 173 3716 =
217 3672 309 3739 ‘tinus
334 3688 512 3739 conuocare
527 3692 565 3738 ac
594 3673 679 3758 siqui
695 3681 787 3739 coetu
803 3673 990 3749 caelestium
1011 3672 1178 3749 defuisset,
1201 3674 1236 3738 in
1256 3690 1386 3757 poenam

224 3782 333 3861 decem
356 3782 480 3848 milium
502 3805 664 3849 nummum
689 3790 881 3848 conuentum
903 3782 943 3846 iri
973 3784 1191 3867 pronuntiare.
1225 3802 1287 3867 quo
1308 3787 1387 3845 metu

227 4082 228 4085 =
266 4051 408 4107 ›umchu
423 4054 448 4103 F
492 4086 493 4091 κ
516 4047 779 4123 spurncrapraear
795 4067 815 4120 p
833 4058 860 4107 et
879 4048 1016 4106 'monuit
1033 4053 1061 4105 ta
1074 4050 1106 4115 F,
1124 4050 1332 4122 tenerrrima
1350 4048 1386 4100 la-

221 4156 329 4203 cabaa
345 4144 465 4201 meando
481 4160 563 4199 meaa
586 4146 775 4217 sammua-ia
792 4148 826 4214 p*
845 4157 856 4183 ³-
899 4146 1043 4215 aquea.-
1067 4143 1104 4214 qd
1125 4142 1149 4213 s
1228 4142 1348 4199 maumtd
1370 4140 1392 4209 s

225 4243 254 4307 lt
273 4234 377 4309 armillh
395 4238 432 4305 F,
452 4226 593 4321 arnulli]
609 4245 635 4303 et
658 4255 756 4310 margo
770 4239 837 4318 st:
894 4238 1282 4307 ltelaurat,‚F:olab1atf
1354 4238 1382 4286 il

221 4320 396 4397 fqdaucrrll'
481 4335 514 4385 24
531 4332 558 4387 in
575 4332 672 4387 imbres
690 4333 805 4387 coniecit
820 4331 936 4387 Iobates
1028 4337 1057 4386 31
1078 4338 1140 4401 cetu
1158 4332 1197 4387 F.
1252 4323 1357 4401 pontu
