2934 4900
256 243 298 305 84
769 251 861 298 LIBRI
884 252 907 297 V

259 408 383 493 passim
398 405 540 470 calcatur
555 424 675 468 aurum.
699 401 785 487 quod
807 403 836 468 si
858 402 1007 469 maritum
1022 407 1120 470 ctiam
1143 412 1208 469 tam
1231 405 1414 468 formonsum

256 501 346 584 tenet
366 523 401 581 ut
421 515 571 596 affirmat,
594 514 684 580 nulla
699 498 832 578 nuncin
847 513 925 578 orbe
941 521 1008 578 toto
1030 516 1153 580 felicior
1168 515 1258 580 uiuit.
1282 515 1415 578 fortassis

259 635 367 694 tamen
389 625 583 710 procedente
604 623 836 690 consuetudine
865 632 897 689 ct
926 624 1108 691 adfectione
1144 625 1298 689 roborata
1334 625 1413 688 dean

260 756 386 820 quoque
407 737 495 801 illam
518 735 598 802 deus
620 735 755 800 maritus
777 735 910 812 efficiet,
928 736 974 802 sic
997 742 1047 801 est
1061 736 1225 816 Hercules,
1249 735 1307 801 sic·
1320 755 1353 799 se
1373 754 1414 816 gc·
1427 741 1447 800 11

259 849 353 913 rebat
380 846 575 930 ferebatque.
612 845 676 910 iam
710 845 776 909 iarn
809 866 936 911 sursum
968 846 1099 930 respicit
1136 854 1167 911 et
1199 845 1295 911 dcam
1329 845 1435 928 spiram

261 957 391 1038 mulier,
416 975 498 1039 quac
519 974 616 1020 uoces
637 956 774 1022 ancillas
796 955 895 1021 habet
916 964 948 1021 et
970 957 1075 1022 nentis
1096 958 1179 1040 ipsis
1201 956 1372 1040 imperitat.
1391 962 1415 1017 at

261 1087 321 1151 ego
343 1067 461 1144 misera
483 1065 618 1149 primurn
649 1073 741 1150 patre
764 1085 836 1130 meo
859 1066 1020 1132 seniorem
1041 1069 1191 1133 maritum
1214 1067 1329 1132 sortita
1349 1086 1414 1137 sun,

262 1177 338 1243 dein
361 1176 525 1242 cucurbita
540 1176 712 1240 caluiorem
735 1183 767 1240 et
789 1178 904 1259 quouis
927 1196 1027 1261 puero
1048 1177 1258 1262 pusilliorem,
1283 1182 1414 1242 cunctam

262 1287 391 1353 domum
414 1286 496 1352 seris
519 1293 552 1351 et
573 1286 695 1351 catenis
718 1284 863 1351 obditam
886 1281 1136 1353 custodientem?

206 1397 258 1463 X*
345 1397 488 1481 Suscipit
509 1378 574 1462 alia
593 1389 664 1479 ‘ego
694 1416 771 1461 uero
804 1397 954 1462 maritum
991 1399 1154 1463 articulari
1191 1397 1290 1462 ctiam
1320 1394 1414 1460 morbo
1427 1413 1444 1461 n

261 1508 485 1592 complicatum
500 1513 729 1590 curuatumquc
745 1526 783 1571 ac
805 1527 864 1590 per
878 1507 940 1572 hoc
960 1509 1126 1575 rarissimo
1149 1526 1303 1573 uenerem
1326 1525 1414 1571 meam

261 1619 454 1685 recolentem
476 1618 627 1695 sustineo,
650 1619 839 1702 plerumque
861 1616 1003 1684 detortos
1025 1626 1057 1683 ct
1078 1619 1210 1684 duratos
1232 1618 1265 1682 in
1286 1615 1413 1701 lapidem

262 1728 382 1812 digitos
413 1727 482 1794 eius
511 1728 702 1813 perfricans,
736 1728 886 1794 fomentis
914 1727 1009 1794 olidis
1032 1735 1064 1793 et
1096 1730 1215 1813 pannis
1237 1727 1374 1795 sordidis
1392 1738 1414 1789 ct
1446 1798 1447 1805 ,

262 1838 393 1905 faetidis
421 1837 706 1921 cataplasmatibus
740 1857 855 1905 manus
887 1846 953 1902 tarn
982 1837 1138 1904 delicatas
1174 1839 1254 1905 istas
1290 1838 1414 1904 adurens
1446 1850 1447 1923 1

264 1968 325 2014 nec
353 1949 462 2014 uxoris
485 1948 661 2014 officiosam
683 1948 796 2044 faciem
813 1948 871 2015 sed
885 1948 1029 2014 medicae
1050 1949 1245 2015 laboriosam
1259 1965 1414 2033 personam
1427 1930 1447 2002 13

266 2060 438 2126 sustinens.
463 2065 495 2124 ct
515 2065 550 2123 tn
572 2058 815 2142 quidemsoror
836 2058 958 2126 uideris
973 2079 1068 2140 quarn
1090 2061 1228 2144 patienti
1248 2061 1301 2125 uel
1325 2058 1413 2144 potius

265 2169 376 2235 seruili
396 2200 437 2214 —-
461 2168 567 2233 dicam
604 2169 688 2234 enim
721 2169 821 2234 libere
850 2170 935 2255 quod
971 2171 1074 2234 sentio
1104 2205 1142 2214 -
1171 2169 1251 2235 hacc
1286 2169 1413 2253 perferas

266 2263 384 2344 animo.
422 2279 507 2343 enim
540 2298 616 2343 uero
645 2297 705 2361 ego
728 2299 854 2362 nequeo
877 2281 1036 2345 sustinere
1058 2280 1193 2346 ulterius
1214 2287 1280 2344 tarn
1303 2280 1414 2344 beatam

265 2389 424 2454 fortunam
447 2389 635 2475 conlapsam
657 2389 821 2473 indignae.
859 2388 1026 2455 recordare
1054 2390 1140 2457 euim
1163 2411 1259 2476 quam
1282 2389 1413 2476 superbe,

266 2520 364 2581 quarn
387 2498 580 2583 adroganter
602 2501 769 2567 nobiscnm
785 2502 887 2585 egerit
908 2508 940 2566 et
961 2502 1035 2585 ipsa
1056 2502 1230 2568 iactatione
1252 2501 1414 2567 inmodicae
1427 2511 1446 2558 11

267 2609 492 2675 ostentationis
515 2616 689 2676 tumentem
712 2633 804 2677 suurn
827 2610 1006 2696 prodiderit
1037 2612 1180 2675 animum
1209 2611 1313 2695 deque
1334 2607 1414 2675 tantis

268 2718 390 2784 diuitiis
413 2719 530 2801 exigua
552 2720 645 2787 nobis
667 2722 771 2786 inuita
798 2722 968 2805 proiecerit
989 2722 1221 2805 confestimque
1248 2719 1414 2806 praesentia

266 2838 376 2895 nostra
399 2836 534 2912 grauata
556 2832 693 2916 propelli
709 2838 742 2897 et
756 2831 859 2896 efflari
876 2832 1106 2915 exsibilarique
1128 2853 1188 2898 nos
1210 2832 1349 2898 iusserit.
1370 2846 1414 2893 ncc

261 2962 337 3007 sum
360 2939 475 3004 mulier
496 2958 556 3005 nec
578 2942 706 3007 omnino
729 2944 817 3024 spiro
841 2942 905 3008 uisi
928 2961 1000 3006 eam
1021 2942 1216 3026 pessum-dc
1244 2942 1342 3008 tantis
1362 2938 1413 3022 opi·

266 3053 327 3117 bus
350 3050 505 3115 deiecero.
535 3069 574 3115 ac
596 3052 623 3115 si
645 3052 704 3117 tibi
727 3052 839 3132 ctiam,
863 3059 897 3116 ut
918 3073 978 3136 par
999 3059 1063 3132 est,
1086 3053 1206 3117 inacuit
1226 3061 1338 3120 nostra
1357 3070 1412 3114 con·
1425 3063 1443 3111 11

266 3162 414 3242 tamdia,
444 3160 613 3227 consilium
641 3162 786 3227 ualidum
815 3162 1014 3246 requiramus
1043 3163 1168 3238 ambae.
1205 3164 1332 3247 iamque
1358 3162 1413 3235 ista,

267 3291 350 3354 quae
371 3271 519 3353 ierimus,
555 3291 620 3337 nou
650 3273 838 3355 parentibus
860 3274 979 3339 nostris
1001 3292 1040 3337 ao
1060 3292 1121 3337 nec
1143 3274 1200 3338 ulli
1223 3280 1414 3338 monstremus

234 3369 235 3372 ¹
267 3380 341 3461 alii,
364 3380 461 3445 immo
484 3400 543 3446 nec
566 3382 693 3446 omnino
717 3383 888 3465 quicquam
911 3382 951 3447 dc
973 3383 1043 3448 eius
1073 3384 1175 3449 salute
1199 3384 1350 3448 norimus.
1379 3385 1414 3443 sal
1444 3377 1445 3396 ³

267 3600 571 3610 ——-———

1444 3567 1445 3604 l

1444 3625 1445 3670 l

1444 3685 1445 3744 l

1444 3751 1446 3796 l

341 3738 349 3785 1
371 3750 388 3785 n
406 3733 434 3786 111
451 3730 587 3787 formonsi
605 3734 693 3789 deleta
717 3736 745 3789 111
763 3735 791 3787 F
873 3740 887 3788 3
906 3697 1022 3789 rabodus
1041 3736 1112 3802 (add,
1139 3753 1235 3790 monas
1258 3727 1414 3794 secundati-

268 3825 433 3893 robcratap
503 3824 553 3883 deb
571 3832 596 3894 (c
614 3845 686 3883 corr.
705 3845 777 3891 cccl,
795 3829 992 3884 11111ίὶ11σοί1
1013 3835 1039 3894 ‘l
1064 3831 1100 3893 F,
1128 3831 1199 3900 dap
1269 3829 1414 3899 61mpcntut

270 3921 335 3983 (11011
352 3925 473 3986 lmperat,
492 3921 622 3989 quosdam
650 3920 801 3975 litterarum
819 3922 916 3975 ductas
943 3928 1046 3977 lantum
1069 3924 1183 3992 refinxit
1205 3940 1303 3977 marcas
1325 3920 1414 3976 cadant

249 4009 331 4075 ,aaa
350 4012 378 4063 in
394 4027 481 4082 1111119,
501 4017 543 4066 rat
560 4013 591 4077 F,
610 4020 693 4083 umpat
711 4035 730 4083 φ
810 4019 825 4068 9
845 4017 920 4068 ferni
935 4017 967 4081 F,
984 4017 1063 4074 ferni
1078 4038 1097 4086 φ
1178 4022 1209 4070 10
1227 4013 1281 4071 etri
1299 4017 1347 4070 dcl.
1364 4006 1417 4066 iul

271 4107 302 4156 13
320 4102 418 4172 pdrldrf
434 4120 503 4158 corr.
522 4122 539 4158 a
553 4107 646 4176 primu
664 4124 746 4161 manu
764 4109 791 4160 111
811 4108 920 4162 fordrdrf
936 4112 964 4163 c'n
983 4110 1014 4175 F,
1034 4111 1179 4179 fordrdrfp
1258 4116 1290 4165 14
1306 4100 1417 4180 iqtrdulf

271 4201 302 4248 15
320 4196 422 4250 medice
439 4227 449 4248 1
467 4227 476 4248 -
494 4202 574 4269 (post.
593 4214 608 4253 e
626 4201 653 4253 ia
671 4216 725 4254 ros.
743 4202 854 4272 scripsit
871 4219 968 4257 manos
984 4204 1114 4269 secando)
1131 4204 1163 4269 F,
1181 4183 1285 4259 medica
1302 4200 1413 4266 (lineolae

270 4295 295 4301 “
312 4288 375 4342 add.
403 4306 500 4344 manus
524 4292 652 4357 scabredo)
683 4314 702 4363 φ
799 4298 829 4347 18
856 4292 948 4350 beata
975 4299 1043 4367 (fuit
1064 4302 1090 4363 a)
1116 4298 1145 4351 F
1225 4302 1259 4351 24
1283 4300 1371 4368 peffun
1394 4288 1414 4342 F·
1443 4347 1444 4358 ,

269 4380 346 4449 peisti
363 4401 382 4450 φ
