2934 4900
502 225 575 272 cur.
599 225 779 271 xx—xxnr
1186 209 1224 270 91

58 377 145 440 tione
167 375 283 440 nefarii
307 376 439 441 sceleris
462 375 590 442 instruit
613 383 814 460 apparatum.
859 374 1059 440 comederat
1081 382 1113 441 ct
1134 376 1228 440 mari·

57 495 108 551 tus
132 485 246 551 aderat
264 487 478 570 protinusque
499 489 629 553 ueneris
652 487 784 570 proeliis
800 485 950 552 uelitatus
966 487 1066 550 altum
1080 505 1229 569 soporem

57 595 280 662 descenderat.
303 604 378 661 tuno
402 596 527 679 Psyche
543 604 575 664 ct
589 597 732 681 corporis
749 606 787 665 ‚et
809 597 907 660 animi
923 597 1068 680 alioquin
1089 596 1226 673 infirma,
1250 597 1347 662 XXII

58 709 114 772 lati
137 715 247 772 tamen
270 706 408 772 saeuitia
431 707 695 772 subministrante
718 707 843 773 uiribus
865 707 1034 772 roboratur
1049 714 1081 773 et
1102 708 1229 791 prolata

27 820 191 882 clucema
212 823 244 881 et
266 815 401 900 adrepta
423 819 581 882 nouacula
604 837 717 884 sexum
741 817 879 881 audacia
899 818 1046 883 mutauit.
1076 819 1134 884 sed
1156 838 1228 881 curn

59 928 198 1010 primum
220 927 350 991 luminis
374 927 537 991 oblatione
552 927 610 992 tori
628 935 753 993 secreta
766 928 958 1002 claruerunt,
982 928 1071 992 uidet
1085 928 1227 992 omnium

58 1040 197 1101 ferarum
220 1037 425 1103 mitissimam
448 1036 729 1121 dulcissimamque
753 1038 898 1119 bestiam,
922 1039 1027 1122 ipsum
1050 1039 1139 1102 illum
1164 1038 1229 1102 Ou—
1254 1054 1256 1061 ’

59 1147 202 1231 pidinem
224 1148 421 1212 formonsum
444 1146 539 1212 deum
562 1148 722 1241 formonse
750 1148 935 1228 cubantem,
975 1148 1065 1214 cuins
1095 1155 1228 1232 aspectu
1329 1131 1332 1137 ¹

60 1260 211 1322 lucernae
234 1277 361 1340 quoque
383 1259 491 1322 lumen
514 1257 686 1322 hilaratum
709 1257 884 1322 increbruit
905 1265 938 1322 et
951 1259 1109 1324 acuminis
1132 1260 1229 1324 sacri-

19 1369 45 1418 10
61 1370 124 1451 legi
146 1368 306 1432 nouacula
327 1368 539 1452 praenitebat.
563 1375 596 1433 at
619 1388 695 1433 uero
711 1368 836 1451 Psyche
858 1375 947 1432 tanto
970 1376 1104 1452 aspectu
1127 1369 1228 1434 deter-

59 1480 119 1542 rita
134 1484 167 1544 et
187 1479 292 1563 impos
314 1477 424 1558 animi,
448 1478 590 1544 marcido
605 1479 728 1562 pallore
742 1478 868 1542 desecta
883 1484 1088 1562 tremensque
1103 1478 1230 1546 desedit

60 1591 91 1654 in
114 1591 197 1654 imos
220 1589 359 1674 poplites
382 1595 414 1653 et
435 1589 552 1654 fen-um
575 1589 703 1672 quaerit
724 1588 922 1654 abscondere
944 1590 1002 1655 sed
1031 1590 1065 1654 in
1088 1610 1146 1655 suo
1175 1609 1229 1673 pe-

61 1709 156 1764 ctore.
193 1698 279 1782 quod
308 1699 450 1783 profecto
479 1699 609 1766 fecisset
638 1699 704 1765 nisi
732 1700 850 1763 ferrum
873 1699 987 1765 timore
1010 1700 1090 1764 tanti
1113 1699 1230 1789 flagitii

63 1810 210 1876 manibus
232 1809 412 1875 temerariis
434 1808 603 1893 delapsum
625 1809 794 1874 euolasset.
832 1809 961 1892 iamque
982 1809 1087 1888 lassa,
1125 1810 1229 1874 salute

21 1929 46 1977 15
63 1920 185 1986 defecta
207 1919 283 1984 dum
306 1919 437 2002 saepius
460 1919 562 1983 diuini
584 1920 690 1986 uultus
712 1920 853 1983 intuetur
873 1919 1160 2003 pulchritudinem,
1183 1939 1230 1985 rc-

63 2037 186 2094 orcatur
203 2029 313 2094 animi.
337 2029 425 2095 uidet
447 2030 562 2114 eapitis
583 2030 671 2094 aurei
694 2017 857 2112 genialem
873 2029 1050 2094 caesariem
1065 2030 1230 2094 ambrosia

62 2142 284 2221 temulentam,
317 2141 461 2206 ceruices
483 2139 604 2206 lacteas
632 2159 798 2223 genasque
826 2159 1005 2224 purpureas
1027 2146 1230 2222 pererrantes

58 2251 196 2314 'crinium
218 2250 331 2334 globos
356 2248 512 2315 decoriter
539 2249 729 2334 impeditos,
760 2250 842 2314 alios
865 2249 1117 2332 antependulos,
1148 2250 1230 2314 alios

64 2358 306 2444 retropendulos
329 2380 463 2442 quorum
480 2359 650 2444 splendore
665 2361 764 2425 nimio
786 2360 968 2442 fulgurante
991 2361 1103 2425 iamet
1124 2360 1231 2444 ipsum

23 2472 49 2521 20
65 2474 169 2537 lumen
207 2473 356 2536 lucernae
394 2472 578 2536 uacillabat.
616 2491 674 2555 per
702 2491 830 2537 umeros
860 2471 1001 2536 uolatilis
1030 2471 1082 2535 dei
1111 2471 1231 2555 pinnae

65 2582 209 2647 roscidae
230 2581 362 2645 micanti
384 2581 463 2646 flore
486 2581 658 2646 candicant
680 2589 711 2645 ct
735 2581 883 2664 quamuis
905 2581 967 2646 alis
990 2581 1231 2664 quiescentibus

65 2694 200 2757 extimae
224 2692 387 2775 plumulae
409 2692 547 2757 tenellae
570 2712 608 2755 ac
630 2692 789 2756 delicatae
804 2692 945 2756 tremule
968 2692 1161 2757 resultantes
1183 2691 1233 2755 in·

66 2802 172 2884 quieta
193 2802 377 2867 lasciuiunt.
415 2810 556 2867 ceterum
580 2821 695 2885 eorpus
717 2801 894 2883 glabellum
916 2808 1013 2883 atque
1036 2801 1234 2865 luculentum

66 2919 93 2975 ot
114 2913 209 2993 quale
232 2913 400 2997 peperisse
423 2911 583 2977 Venerem
605 2931 670 2975 non
691 2911 881 2994 paeniteret.
903 2916 979 2975 ante
1001 2910 1110 2974 lectuli
1132 2909 1232 2994 pedes

23 3024 50 3073 25
65 3022 189 3087 iaccbat
210 3041 304 3087 arcus
328 3028 360 3087 ct
381 3022 535 3105 pharetra
557 3027 589 3085 ct
611 3020 764 3103 sagittae,
789 3021 898 3102 magni
921 3018 973 3085 dei
995 3020 1137 3103 propitia
1157 3021 1239 3085 tela.⁴

67 3131 244 3211 quaedum
279 3132 458 3197 insatiabili
486 3132 594 3197 animo
622 3130 749 3214 Psyche
786 3130 866 3194 satis
896 3136 928 3193 et
949 3129 1078 3195 curiosa
1099 3129 1233 3193 rimatur
1258 3130 1372 3196 XXIII

67 3247 158 3324 atque
181 3248 355 3325 pertrectat
377 3249 409 3308 et
431 3242 538 3306 mariti
561 3241 612 3307 sui
633 3241 767 3305 miratur
782 3260 881 3321 arma,
905 3239 1065 3321 depromit
1079 3260 1176 3305 unam
1193 3238 1233 3305 de

66 3350 215 3433 pharetra
237 3352 389 3435 sagittam
411 3359 443 3419 et
463 3359 580 3437 puncto
615 3351 742 3436 pollicis
771 3355 946 3417 extremam
979 3350 1080 3414 aciem
1110 3349 1234 3432 pericli-

66 3461 208 3526 tabunda
243 3462 409 3529 trementis
439 3464 537 3529 etiam
573 3481 658 3527 nunc
691 3461 818 3525 articuli
846 3461 920 3526 nisu
948 3460 1077 3525 fortiore
1099 3460 1235 3543 pupugit

23 3574 52 3624 '30
68 3571 168 3654 altius,
186 3577 220 3636 ut
234 3592 293 3656 per
308 3592 465 3638 summam
482 3580 585 3638 cutem
601 3572 780 3636 roraucrint
795 3571 950 3655 pamulae
966 3570 1134 3653 sanguinis
1151 3570 1235 3635 rosei

131 3879 146 3927 2
168 3875 344 3944 protinusque
361 3873 492 3927 Iulnrr'as:
511 3859 593 3943 p⁴m;q;
615 3873 655 3942 Fq
682 3874 806 3981 mutapltui
821 3873 849 3926 F
930 3878 944 3926 5
963 3878 1004 3927 urt
1021 3875 1050 3928 ia
1068 3880 1183 3927 mutaurt
1207 3874 1234 3927 in

68 4006 119 4045 ras.
136 4012 153 4045 a
170 4010 252 4048 omna
270 3994 389 4048 secundo
408 3996 435 4046 in
453 3994 484 4055 F,
504 3988 608 4047 mutatlr
626 3954 1055 4061 p,mutall1rcousecitraurrirrs
1146 3995 1160 4044 8
1178 3990 1234 4044 for·

70 4082 139 4137 molh
160 4087 182 4155 f
270 4093 298 4141 11
324 4086 423 4141 defedrt
446 4088 545 4155 51¹ch
634 4090 665 4139 14
683 4091 818 4138 temeram
839 4102 911 4140 corr.
936 4084 1089 4139 oscarum
1106 4100 1189 4136 mona
1206 4084 1235 4137 io

70 4181 212 4234 temeranrf
239 4181 268 4233 ia
294 4182 330 4245 F,
359 4181 508 4235 temeramus
529 4200 548 4247 ᾳ·
643 4184 673 4233 16
700 4173 808 4232 Ibrofrd
836 4178 880 4246 Fe
981 4183 1013 4231 20
1029 4177 1184 4231 bacillabat
1214 4178 1239 4227 F

70 4272 97 4321 21
117 4272 173 4325 alus
187 4274 216 4326 F
296 4277 328 4327 22
347 4273 459 4343 tremqu
477 4275 501 4325 1⁴¹
587 4277 619 4326 23
637 4272 913 4326 intermortuarum
939 4270 1094 4334 laferurunt,
1107 4269 1182 4323 'odd
1208 4270 1235 4322 in

70 4404 151 4461 morp.
169 4397 218 4445 unt
237 4390 264 4444 I*
347 4394 378 4444 25
397 4391 499 4445 faretra
516 4390 544 4445 F
627 4396 659 4445 30
677 4352 810 4447 rorauerll
827 4389 855 4442 F
