2934 4900
237 206 297 267 178
427 201 429 208 ”
713 221 806 269 cmm
828 222 905 269 v1111

234 380 350 440 uentus
372 373 541 440 humanior
561 372 723 439 niudiotae
746 372 909 456 speculam
933 372 1199 439 subminIstrauit.
1223 373 1298 439 ficta
1311 390 1400 437 nam-

234 503 296 567 que
318 503 432 550 manus
454 503 533 549 suae
555 482 722 549 debilitate
745 483 799 549 sic
814 482 1070 549 crudelissimum
1092 483 1241 549 iuuenem
1264 485 1399 567 compel-

232 594 279 658 lat
311 585 429 659 ‘fruere
458 594 556 674 exitio
592 592 689 659 totius
716 599 848 659 nostrae
884 592 1026 658 familiae
1040 584 1086 657 ‘et
1114 594 1272 677 sanguine
1306 593 1398 659 trium

231 703 364 767 fratrum
392 702 608 770 insatiabilem
630 709 717 768 tuam
740 703 959 771 crudelitatem
987 722 1086 788 pasce
1106 708 1138 769 et
1160 703 1201 767 de
1229 704 1396 787 prostratis

230 813 296 879 tuis
318 812 442 880 ciuibus
470 813 609 897 gloriose
640 814 804 898 triumpha
831 812 907 879 dum
936 814 1035 895 scias,
1073 813 1148 878 licet
1177 813 1304 898 priuato
1333 814 1422 881 suist>

230 922 491 1008 possessionibus
513 942 657 1008 paupere
678 924 759 989 fines
787 943 889 1007 usquc
917 930 949 989 et
976 941 1077 1007 usque
1105 925 1393 1005 proterminaueris,

230 1032 413 1098 habiturum
435 1040 467 1100 te
489 1041 598 1100 tamen
619 1033 760 1099 uicinum
788 1034 938 1118 aliquem.
982 1054 1058 1099 nam
1086 1032 1168 1099 haec
1196 1033 1292 1100 etiam
1324 1034 1394 1099 dex·

229 1149 307 1224 tera,
331 1163 414 1227 quae
435 1149 524 1210 tunm
546 1164 678 1228 prorsus
700 1148 901 1229 amputasset
921 1150 1025 1228 caput,
1054 1144 1222 1227 iniquitate
1244 1146 1301 1210 fati
1323 1164 1392 1210 oon·
1452 1176 1456 1197 ·

228 1259 301 1319 tusa
323 1245 458 1318 decidit?

314 1363 384 1442 Quo
412 1382 559 1430 sermone
594 1364 738 1449 alioquin
774 1370 984 1449 exasperatus
1017 1364 1156 1431 furiosus
1190 1366 1272 1429 latro
1301 1372 1388 1449 rapto
1407 1385 1430 1432 ru

226 1472 337 1557 gladio
368 1493 429 1540 sua
461 1473 672 1541 miserrimum
705 1475 854 1540 iuuenem
883 1495 980 1540 manu
1013 1482 1235 1560 perempturus
1271 1474 1391 1539 inuadit

226 1582 353 1649 auidus.
397 1603 456 1649 uec
478 1591 587 1649 tamen
604 1584 659 1650 ‘sui
681 1584 857 1650 molliorem
879 1591 1069 1669 prouocarat
1090 1586 1208 1669 quippe
1230 1585 1388 1669 insperato

226 1701 258 1759 et
279 1694 375 1777 longe
396 1700 506 1759 contra
527 1694 597 1760 eius
618 1694 803 1777 opinionem
824 1695 979 1761 resistens
1001 1695 1127 1761 iuuenis
1142 1695 1309 1779 complexu
1330 1696 1385 1760 for·

225 1804 349 1869 tissime
386 1804 499 1888 arripit
535 1804 604 1870 eius
640 1803 804 1870 dexteram
842 1826 1022 1889 magnoque
1054 1805 1136 1882 nisu¹
1160 1806 1242 1871 ferro
1275 1805 1384 1869 librato

225 1914 333 1980 multis
356 1921 388 1979 et
409 1914 530 1981 crebris
558 1913 674 1980 ictibus
702 1915 853 1999 inpuram
881 1913 971 1980 elidit
998 1915 1108 1981 diuitis
1136 1917 1277 1982 animam
1306 1921 1336 1979 et
1356 1920 1387 1977 nt
1403 1925 1426 1972 15

223 2025 455 2089 accurrentium
485 2024 581 2090 etiam
610 2024 819 2090 familiarium
846 2044 943 2090 manu
973 2044 1008 2091 se
1035 2022 1202 2108 liberaret,
1226 2025 1383 2091 confestim

223 2131 329 2198 adhuc
358 2134 480 2199 inimici
509 2135 667 2216 sanguine
696 2134 837 2200 delibuto
865 2153 1016 2201 mucrone
1037 2136 1146 2219 gulam
1168 2135 1230 2201 sibi
1260 2155 1384 2219 prorsus
1455 2186 1456 2203 t

224 2244 375 2310 exsecuit.

306 2354 396 2419 Haec
417 2359 509 2419 erant
529 2374 613 2438 quae
635 2354 820 2438 prodigiosa
841 2361 1115 2438 praesagauerant
1136 2362 1278 2437 ostenta,
1309 2355 1382 2420 haec

222 2484 306 2548 quae
328 2464 506 2530 miserrimo
528 2464 656 2530 domino
684 2466 812 2532 fuerant
840 2466 996 2532 nuntiata.
1041 2486 1100 2532 neo
1122 2467 1222 2531 ullum
1249 2467 1376 2531 uerbum
1397 2467 1422 2516 2⁰
1454 2519 1455 2524 ,

221 2593 261 2638 ac
289 2594 329 2638 nc
366 2574 497 2639 tacitum
530 2573 660 2655 quidem
695 2575 804 2639 fletum
841 2582 887 2640 tot
918 2577 1012 2642 malis
1042 2577 1266 2643 circumuentis
1289 2595 1381 2643 senor

221 2684 322 2769 quiuit
344 2685 488 2751 emittere
511 2683 569 2751 sed
590 2692 718 2769 arrepto
740 2685 842 2768 ferro,
872 2707 934 2770 quo
967 2685 1166 2751 commodum
1197 2687 1280 2752 inter
1306 2705 1375 2752 snos

220 2795 373 2879 epulones
395 2814 524 2861 caseum
546 2801 643 2879 atque
664 2795 747 2862 alias
762 2795 892 2881 prandii
907 2803 1016 2879 partes
1032 2795 1198 2879 diuiserat,
1223 2797 1294 2881 ipse
1309 2815 1379 2880 qno·
1453 2833 1454 2844 1

219 2925 280 2988 qne
302 2904 345 2969 ad
366 2905 467 2972 instar
489 2905 701 2972 intelicissimi
733 2907 783 2973 sui
806 2905 864 2970 filii
886 2907 1028 2989 iugulum
1052 2906 1114 2972 sibi
1137 2906 1246 2996 multis
1267 2905 1376 2970 ictibus

218 3015 416 3080 contrucidat
438 3016 544 3098 quoad
560 3036 656 3100 super
677 3036 823 3082 mensam
845 3018 994 3107 cernulus
1016 3035 1166 3084 corruens
1188 3016 1378 3101 portentuosi
1392 3018 1416 3067 25

217 3125 338 3191 cruoris
362 3126 504 3192 maculas
525 3127 601 3191 noui
624 3126 791 3210 sanguinis
813 3125 911 3191 fluuio
932 3127 1060 3210 proluit.

65 3228 262 3298 XXXVIIII
345 3234 396 3299 Ad
418 3234 514 3301 istum
537 3236 665 3302 modum
687 3244 804 3320 puncto
828 3237 1020 3303 breuissimo
1035 3236 1182 3320 dilapsae
1198 3235 1307 3301 domus
1323 3235 1378 3298 lor-

196 3351 328 3409 -tunam
350 3345 539 3412 hortulanus
568 3347 622 3412 ille
653 3347 824 3413 miseratus
852 3366 992 3431 suosque
1014 3365 1108 3412 casus
1129 3347 1274 3430 grauiter·
1293 3345 1375 3427 inge·

216 3472 361 3519 mescens
398 3453 567 3540 deprensis
604 3476 662 3540 pro
698 3457 834 3540 prandio
871 3456 1011 3523 lacrimis
1048 3477 1231 3541 uacuasque
1267 3475 1373 3520 manus

216 3563 423 3646 complodens
451 3566 613 3650 saepicule
641 3567 786 3649 protinus
812 3566 961 3634 inscenso
984 3586 1035 3632 me
1062 3573 1147 3633 retro
1170 3587 1264 3651 quam
1285 3583 1372 3630 uene·
1388 3572 1413 3620 30

216 3692 325 3738 ramus
346 3676 433 3738 ulam
455 3676 605 3758 capessit.
627 3696 687 3742 nec
708 3677 860 3743 innoxius
884 3677 913 3742 ei
935 3678 1049 3742 saltem
1070 3695 1239 3760 regressus
1260 3674 1369 3742 euenit.

214 3802 289 3848 uam
311 3784 442 3865 quidam
464 3805 615 3869 procerus
638 3794 669 3852 et
691 3794 725 3850 ut
746 3787 909 3854 indicabat
937 3787 1065 3852 habitus
1087 3793 1182 3871 atque
1211 3783 1366 3865 habitudo,

229 3969 232 3977 ’
283 3956 297 4003 5
315 3951 452 4021 triumpha
462 3952 524 4007 dum
534 3951 683 4007 Pricaeus:
699 3949 863 4022 trudphandd
878 3953 905 4009 ld
922 3953 1020 4008 ataid.
1036 3969 1164 4008 masuras
1171 3953 1228 4024 fuit
1241 3951 1369 4014 librarius)

214 4068 247 4132 F,
264 4023 428 4138 tnuphandd
445 4090 465 4138 φ
543 4074 573 4122 12
591 4087 641 4125 nec
659 4076 715 4125 tam
734 4073 771 4126 Inr
786 4072 906 4127 mollrore
925 4073 973 4136 (ito
990 4072 1058 4126 Fet
1074 4078 1137 4126 aare
1154 4089 1224 4127 corr.
1241 4067 1366 4126 secundae

215 4177 284 4214 moa.
302 4168 333 4230 φ)
350 4168 483 4230 puoearat
499 4162 610 4218 inducta
627 4166 656 4218 r'rr
672 4165 704 4231 F,
722 4181 777 4220 ooo
794 4165 904 4220 inducto
922 4167 950 4219 irc
968 4186 987 4234 φ
1077 4170 1107 4218 14
1123 4166 1222 4222 hbrato
1239 4165 1291 4234 sp:
1306 4161 1366 4214 lrbe·

214 4259 273 4306 rato
290 4253 319 4307 F
374 4244 431 4307 '19
448 4256 624 4324 plagauerant
639 4259 679 4312 sic
695 4257 724 4312 F
806 4262 838 4312 22
856 4263 963 4327 arrepto
987 4279 1022 4326 p:
1048 4258 1160 4326 abrepto
1178 4256 1207 4312 F
1284 4260 1312 4309 21
1330 4269 1367 4305 1u-
1433 4325 1434 4330 ἵ

173 4341 278 4422 ‘gule
296 4334 390 4416 (supro
407 4347 469 4401 aaa.
488 4344 560 4415 guib)
578 4369 611 4419 p:
630 4347 721 4418 ruguld
738 4351 778 4405 F'
847 4355 879 4405 29
897 4352 1029 4421 dopmnus
1045 4353 1085 4406 sic
1102 4351 1130 4404 F
1217 4401 1220 4408 .
