2934 4900
523 247 596 296 cnr.
619 247 763 293 vrri-xi
1088 254 1092 259 ‘
1171 233 1230 294 123

14 439 15 442 =
60 403 167 468 dietae
183 395 277 468 uobis
290 400 515 484 depensuram.
538 398 623 464 hane
635 417 676 464 ex
693 399 801 464 animo
813 388 941 483 quidem
953 419 1024 465 meo
1039 400 1230 466 sententiam
1294 424 1295 429 ¹

14 503 16 510 ’
60 511 295 578 conducibilem
317 511 437 596 protuli
464 509 524 576 sed
551 501 609 576 uos
629 515 814 577 uestrorum
846 511 923 576 estis
951 510 1156 576 consiliorum
1186 516 1241 575 re-⁴

59 643 194 705 rumque
216 617 363 687 domini'
1021 628 1024 634 ⁴

146 733 201 800 Sia
221 732 277 797 ille
298 733 459 796 latronum
487 731 558 798 sisoi
580 729 756 796 aduooatus
784 737 927 796 nostram
956 750 1086 798 oausam
1117 739 1225 816 pertu-
1246 734 1279 798 X

33 847 153 926 aleret,
187 841 325 926 uirginis
357 849 394 907 ‘et
431 840 515 908 asini
553 841 727 924 sospitator
759 843 919 924 egregius.
949 842 1007 908 sed
1038 843 1073 908 in
1108 842 1234 908 diutina

62 955 296 1021 deliberatione
318 952 416 1018 ueteri
446 951 624 1018 oruoiantes
654 971 745 1016 mora
772 952 900 1017 oonsilii
931 972 1004 1017 mea
1033 953 1232 1038 praeoordia‚

63 1063 335 1130 immomiserum
359 1062 515 1147 spiritum,
539 1061 678 1128 libentes
700 1062 832 1126 tandem
853 1063 973 1128 nouieii
995 1064 1131 1131 latronis
1146 1085 1235 1130 aeeo-

65 1177 143 1241 dunt
166 1174 348 1240 sententiae
370 1179 402 1238 et
423 1173 570 1256 protinus
593 1173 731 1238 uinoulis
754 1174 925 1238 exsoluunt
947 1173 1115 1256 uirginem.
1150 1185 1234 1258 quae

64 1287 193 1371 quidem
223 1285 319 1351 simul
348 1283 475 1348 uiderat
501 1283 592 1347 illum
626 1284 778 1350 iuuenem
810 1282 1003 1366 iornioisque
1039 1292 1072 1351 et
1106 1287 1234 1353 lenonis

25 1415 49 1462 to
65 1397 211 1463 andierat
232 1395 438 1472 mentionem,
461 1394 567 1478 eoepit
588 1394 656 1460 risu
677 1394 855 1460 laetissimo
877 1398 998 1479 gestire
1020 1402 1054 1459 ut
1075 1395 1154 1461 milri
1169 1417 1234 1462 me-

64 1510 122 1574 rito
161 1507 284 1573 subiret
305 1504 499 1589 uituperatio
530 1504 628 1570 totius
658 1525 771 1604 sexus,
805 1523 876 1569 oum
912 1506 1056 1573 uiderem
1092 1507 1234 1592 puellam

64 1620 152 1702 p'rooi
171 1615 300 1682 iuuenis
323 1634 432 1680 amore
455 1615 702 1700 nuptiarumque
717 1620 879 1680 castarum
901 1616 1062 1684 desiderio
1085 1618 1234 1684 simulato

65 1728 231 1814 lupanaris
254 1725 362 1808 epuroi
391 1724 577 1808 sordidique
606 1727 712 1802 subito
734 1725 888 1792 delectari
916 1729 1056 1793 nomine.
1100 1735 1133 1793 et
1160 1734 1235 1793 tuno
1298 1807 1304 1816 ι

66 1838 194 1924 quidem
215 1844 354 1903 totarum
370 1825 545 1904 'mulierum
568 1844 655 1904 seota
688 1857 858 1921 moresque
880 1838 921 1902 de
943 1839 1029 1904 asini
1050 1837 1235 1923 pendebant

27 1956 50 2003 ¹⁵
67 1950 194 2016 iudioio.
229 1950 287 2016 sed
303 1950 371 2016 ‘ille
394 1949 521 2016 iuuenis
551 1957 698 2015 sermone
720 1949 856 2032 repetito
877 1940 974 2032 ‘quin
996 1943 1107 2032 igitur’
1131 1951 1236 2035 inquit

65 2054 296 2145 ‘supplicatum
319 2061 415 2126 Marti
438 2059 554 2124 domiti
577 2059 747 2144 ,pergimus
776 2066 807 2124 et
835 2060 977 2142 puellam
1007 2059 1102 2124 simul
1124 2062 1235 2127 uendi-

66 2173 126 2236 turi
148 2177 180 2236 et
197 2172 307 2237 socios
327 2168 539 2253 indagaturi?
563 2168 630 2252 sed,
653 2174 688 2233 ut
709 2167 816 2251 uideo,
840 2171 962 2236 nullum
984 2171 1112 2257 uspiam
1134 2178 1235 2257 pecus

68 2282 259 2348 saorifioatui
282 2301 320 2346 ao
341 2299 382 2346 ne
405 2269 515 2344 uinum
538 2279 679 2362 quidem.
692 2280 817 2364 potatui
839 2279 973 2345 adfatim
997 2284 1050 2347 nel
1072 2283 1236 2351 suffioiens

70 2391 234 2459 habemus.
276 2391 387 2458 danem
416 2389 495 2456 mihi
516 2390 630 2475 itaque
655 2389 762 2474 legate
790 2391 932 2473 comites,
962 2392 1036 2475 quis
1069 2401 1236 2462 contentus

27 2512 53 2561 to
71 2504 250 2587 proximum
274 2503 440 2569 castellum
462 2508 579 2586 petam,
604 2500 681 2574 inde
703 2502 798 2568 uobis
821 2503 938 2588 epulas
951 2503 1093 2569 saliares
1111 2517 1236 2591 eompa-

70 2605 219 2679 raturd's.'
308 2682 328 2724 t
526 2621 529 2627 '
788 2598 791 2603 ’

149 2724 203 2789 Sia
225 2742 266 2789 eo
287 2712 429 2807 proieoto
452 2722 550 2787 'oeteri
573 2722 738 2805 copiosum
767 2724 929 2790 instruunt
950 2724 1059 2807 ignem
1081 2744 1237 2810 aramque

70 2835 187 2918 oespite
209 2834 326 2898 uirenti
348 2833 441 2898 Marti
464 2834 525 2898 deo
547 2833 678 2898 faciunt.

150 2946 218 3010 Neo
245 2945 344 3009 multo
376 2948 450 3028 post
483 2943 660 3008 adueniunt
691 2942 739 3007 illi
769 2943 913 3008 dinarios
932 2950 1023 3009 'utres
1045 2944 1184 3011 ferentes
1206 2955 1238 3011 et
1259 2940 1309 3006 XI

28 3069 55 3119 25
73 3056 224 3139 gregatim
248 3072 350 3139 peona
374 3054 617 3119 comminantes.
656 3051 742 3117 unde
764 3053 961 3135 praelectum
987 3053 1143 3137 grandem
1173 3055 1237 3120 hir·

74 3185 140 3229 oum
162 3184 320 3232 annosum
354 3171 391 3229 et*¹
419 3163 620 3235 horricomen
649 3163 745 3228 Marti
772 3164 917 3228 Seoutori
940 3162 1120 3247 Comitique
1149 3166 1238 3230 uioti-

15 3331 21 3341 .
75 3283 167 3342 mant.
205 3282 236 3341 et
256 3275 332 3339 ilioo
355 3274 529 3359 prandium
556 3273 732 3339 fabricatur
758 3275 904 3360 opipare.
942 3280 1017 3338 tune
1039 3274 1158 3359 hospes
1181 3277 1236 3341 ille
1325 3275 1328 3279 ’

71 3379 153 3451 ‘non
175 3376 284 3470 modo'
309 3384 413 3469 inquit
432 3378 695 3469 ‘expeditionum
726 3384 983 3469 praedarumque
1006 3404 1117 3449 nerum
1139 3387 1236 3451 etiam

14 3510 15 3517 ³
74 3497 269 3581 uoluptatum
291 3501 470 3561 uestrarum
493 3494 606 3559 ducem
628 3514 679 3559 me
701 3502 864 3561 strenuum
895 3496 1015 3561 sentire
1038 3489 1175 3563 debetis'
1207 3505 1239 3562 et

32 3636 59 3686 to
76 3605 242 3689 adgressus
265 3605 386 3689 insigni
407 3605 560 3671 iaoilitate
582 3606 709 3671 nauiter
730 3612 845 3670 euuota
865 3602 1116 3690 praeministrat.
1139 3608 1240 3672 uerrit

78 3719 185 3783 sternit
206 3717 323 3801 coquit,
346 3722 470 3781 tuooeta
491 3716 670 3795 oonoinnat‘,
694 3715 829 3801 adponit
851 3715 964 3782 soitnle
987 3716 1044 3783 sed
1065 3718 1239 3801 praeeipue

68 3828 194 3918 ¹pooulis
219 3825 340 3893 enebris
362 3826 604 3910 grandibusque
627 3826 772 3909 singulos
798 3826 984 3909 ingurgitat.
1007 3826 1167 3893 interdum
1195 3834 1241 3892 ta·
1267 3905 1269 3914 .

80 3954 147 4001 meu
167 3929 407 4003 insimulatione
429 3936 607 4021 promendi,
631 3957 714 4018 quae
743 3936 898 4023 poscebat
919 3957 1009 4016 nsua,
1030 3936 1075 4001 ad
1096 3938 1237 4021 puellam

143 4170 171 4243 ld
190 4197 261 4260 oepit
279 4191 307 4245 F
348 4218 351 4226 ·
390 4195 419 4243 12
439 4150 513 4243 oaltd
530 4189 558 4241 F
641 4194 671 4241 14
688 4130 764 4243 ricta
781 4189 825 4258 Fp
903 4194 936 4243 20
950 4192 1072 4261 priorem
1091 4189 1147 4243 iia
1165 4188 1242 4241 iulia-

81 4281 192 4338 reiadd.
209 4284 442 4339 monterotundo
459 4284 488 4337 ia
505 4282 537 4348 F,
555 4282 687 4351 aliareip
718 4305 721 4311 ¹
763 4286 796 4336 29
815 4278 971 4352 strenuis-f:
990 4278 1079 4336 strenia
1095 4282 1140 4350 Fp
1205 4286 1240 4334 at

82 4378 164 4429 tuceta
180 4376 225 4445 Fp
1010 4391 1017 4407 ·
1124 4385 1125 4389 ’
