2934 4900
191 203 250 266 198
707 214 801 262 unsar
823 216 846 261 x

123 369 124 374 ’
187 390 251 455 que
272 373 444 452 praesente
465 366 588 431 familia
610 373 642 431 et
662 366 840 432 nonnullis
863 365 976 433 amicis
998 372 1029 430 et
1051 364 1212 431 adfinibus
1228 368 1377 447 aegroto

57 485 166 555 XXVI
186 480 332 547 medicus
354 479 501 562 poculum
524 477 624 559 probe
639 483 852 559 temperatum
875 496 971 543 manu
994 496 1054 542 sua
1075 474 1270 559 porrigebat.
1305 472 1376 541 sed

186 590 296 657 audax
316 588 375 653 illa
395 587 509 652 mulier
531 592 566 652 ut
587 587 683 653 simul
711 595 744 653 et
774 588 936 654 conscium
966 587 1094 653 sceleris
1123 586 1312 651 amoliretur
1335 590 1377 649 et

188 721 285 785 quam
306 697 522 783 desponderat
543 699 714 781 pecuniam
742 699 934 780 lucraretur,
965 716 1072 762 coram
1100 696 1230 763 detento
1262 694 1375 760 calice

185 807 263 875 tnon
285 802 382 893 prius’
406 800 733 892 inquit‘medicorum
755 809 884 892 optime,
907 826 972 873 non
987 808 1077 892 prius
1093 806 1260 875 carissimo
1284 804 1375 871 mibi
1416 826 1429 873 5

190 921 305 987 marito
326 918 436 985 trades
457 918 554 985 istam
576 918 740 1000 potionem
757 938 852 1001 quam
877 916 917 983 de
940 937 980 983 ea
1001 917 1119 983 bonam
1134 922 1261 1001 partem
1285 916 1375 980 hau-

189 1030 271 1097 seris
292 1032 376 1115 ipse.
412 1028 497 1095 unde
518 1028 604 1093 enim
627 1030 693 1095 scio
715 1048 759 1094 au
781 1029 912 1093 noxium
934 1028 968 1091 in
991 1048 1030 1093 ea
1052 1029 1152 1093 lateat
1173 1028 1371 1092 uenenum?

190 1160 347 1225 quaeres
370 1140 532 1223 utiquete
554 1145 619 1203 tam
642 1138 834 1221 prudentem
867 1144 997 1222 tamque
1026 1136 1153 1203 doctum
1182 1138 1287 1201 uirum
1313 1156 1371 1202 ne-

190 1269 350 1336 quaquam
372 1248 506 1315 offendit
529 1252 558 1315 si
579 1249 734 1331 religiosa
756 1270 836 1314 uxor
865 1249 950 1313 circa
978 1249 1115 1315 salutem
1146 1249 1254 1313 mariti
1277 1248 1373 1313 solli-

190 1362 255 1442 cita
275 1359 493 1426 necessariam
515 1358 627 1425 adfero
649 1354 822 1442 pietatem?
1395 1369 1425 1417 ro

238 1493 240 1496 ·
275 1470 347 1548 Qua
369 1470 451 1533 mira
466 1468 693 1555 desperatione
707 1470 907 1534 truculentae
921 1468 1062 1534 feminae
1083 1478 1217 1552 repente
1240 1476 1372 1551 pertur-

191 1582 287 1646 batus
307 1579 451 1647 medicus
473 1599 692 1664 excussusque
714 1586 780 1644 toto
802 1580 937 1645 oonsilio
960 1586 991 1644 et
1013 1580 1053 1643 ob
1076 1578 1260 1661 angustiam
1282 1585 1372 1643 tem-

190 1691 280 1777 poris
295 1690 400 1773 spatio
422 1690 586 1773 cogitandi
600 1691 747 1772 priuatus
762 1698 936 1773 antequam
952 1689 1169 1773 trepidatione
1184 1691 1236 1754 uel
1253 1688 1369 1770 aliqua

191 1801 392 1867 cunctatione
414 1800 488 1884 ipsa
509 1800 602 1865 daret
623 1800 729 1864 malae
743 1800 962 1867 conscientiae
977 1800 1202 1884 suspicionem,
1218 1798 1368 1863 indidem

191 1912 234 1977 de
254 1911 385 1996 potione
406 1912 549 1993 gustarit
570 1910 729 1995 ampliter.
768 1931 864 1994 quam
891 1908 984 1975 fidem
1014 1917 1141 1979 secutus
1170 1908 1368 1975 adulescens
1391 1926 1420 1974 15

192 2022 289 2087 etiam
312 2028 439 2104 sumpto
461 2021 562 2086 calice
583 2019 670 2102 quod
692 2020 886 2086 offerebatur
907 2022 1025 2087 hausit.
1063 2020 1105 2084 ad
1120 2021 1217 2086 istum
1233 2018 1368 2085 modum

191 2132 356 2216 praesenti
376 2137 540 2196 transacto
562 2131 857 2214 negotio-medicus
873 2152 970 2215 quarn
983 2131 1149 2197 celerrime
1171 2129 1299 2195 domum
1316 2149 1368 2194 re-

192 2242 324 2323 meabat
347 2240 514 2307 salutiIera
534 2242 666 2324 potione
680 2247 806 2325 pestem
828 2241 1053 2326 praecedentis
1070 2242 1188 2307 ueneni
1203 2241 1366 2307 festinans

193 2354 390 2434 extinguere.
427 2370 487 2415 nec
509 2370 582 2416 eum
597 2351 814 2417 obstinatione
830 2333 989 2435 sacrilega
1004 2372 1069 2436 qua
1090 2352 1192 2417 semel
1213 2357 1367 2433 coeperat

192 2463 373 2528 truculenta
394 2462 508 2526 mulier
530 2482 637 2545 ungue
659 2464 757 2528 latius
780 2482 850 2529 ase
873 2463 1039 2530 discedere
1062 2483 1162 2548 passa
1178 2469 1228 2528 est
1247 2456 1365 2544 ‘prius-
1384 2471 1416 2518 20

193 2567 298 2656 quam’
322 2571 427 2655 inquit
452 2566 593 2653 ‘digesta
623 2577 754 2654 potione
773 2573 961 2640 medicinae
989 2581 1166 2657 prouentus
1195 2567 1364 2657 appareat'

193 2683 252 2750 sed
272 2700 370 2764 aegre
392 2681 542 2764 precibus
564 2688 595 2746 et
617 2683 885 2752 obtestationibus
918 2685 986 2750 eius
1018 2685 1151 2750 multum
1180 2703 1218 2748 ac
1241 2683 1296 2748 diu
1317 2684 1365 2748 fa-

194 2795 298 2877 tigata
324 2791 455 2857 tandem
485 2791 575 2856 abire
610 2793 778 2858 concessit.
829 2793 988 2860 interdum
1020 2795 1197 2878 perniciem
1232 2813 1364 2859 caecam

192 2899 275 2969 totis
291 2895 470 2968 uisceribus
485 2903 642 2968 furentem
658 2902 819 2968 medullae
841 2905 970 2987 penitus
986 2904 1203 2986 adtraxerant,
1227 2904 1364 2969 multum

193 3014 333 3097 denique
354 3013 483 3078 saucius
499 3018 531 3078 ct
544 3012 721 3095 grauedine
738 3015 941 3080 somnulenta
961 3015 1026 3081 iam
1042 3015 1209 3081 demersus
1232 3014 1364 3079 domum
1383 3026 1413 3074 25

190 3123 340 3208 peruadit
360 3122 550 3206 aegerrime.
587 3124 706 3206 uixque
728 3125 887 3190 enarratis
910 3127 1032 3210 cunctis
1055 3124 1096 3190 ad
1119 3145 1251 3190 uxorem
1273 3145 1365 3188 man-

193 3234 269 3298 dato
301 3232 415 3298 saltem
454 3233 646 3317 promissam
680 3234 860 3300 mercedem
896 3237 1007 3302 mortis
1040 3237 1225 3319 geminatae
1264 3233 1366 3317 depo-

192 3351 310 3425 sceret,
351 3342 397 3406 sic
433 3342 532 3408 elisus
567 3344 724 3410 uiolenter
757 3346 1011 3429 spectatissimus
1050 3345 1192 3411 medicus
1228 3344 1366 3410 effundit

115 3449 120 3458 “
192 3457 350 3541 spiritum.

41 3574 170 3642 XXVII
276 3567 344 3630 Nec
371 3561 426 3626 ille
448 3560 556 3628 tamen
584 3563 711 3635 iuuenis
740 3563 861 3632 diutius
890 3567 990 3631 uitam
1019 3573 1166 3632 tenuerat
1193 3565 1251 3633 sed
1279 3565 1366 3631 inter
1383 3549 1448 3677 {gw

193 3672 284 3735 fictas
307 3672 521 3754 mentitasque
543 3673 693 3740 lacrimas
715 3675 827 3742 uxoris
849 3677 920 3759 pari
944 3697 1021 3743 casu
1045 3677 1156 3744 mortis
1184 3677 1288 3742 luerat
1312 3695 1366 3740 ex·
1442 3670 1447 3679 ’

192 3781 319 3847 tinctus.
356 3783 484 3866 iamque
506 3803 544 3848 eo
567 3787 692 3868 sepulto
706 3787 819 3868 paucis
835 3786 1010 3853 Interiectis
1026 3787 1140 3854 diebus
1160 3787 1234 3870 quis
1249 3787 1367 3850 feralia

194 3893 327 3958 mortuis
350 3894 483 3958 litantur
505 3893 670 3978 obsequia,
694 3916 774 3960 uxor
789 3896 905 3962 medici
927 3898 1064 3981 pretium
1079 3897 1229 3981 geminae
1251 3898 1366 3962 mortis

193 4009 305 4088 petens
328 4003 450 4069 aderat.
487 4003 544 4069 sed
566 4005 682 4069 mulier
710 4027 941 4091 usquequaque
970 4009 1020 4074 sui
1050 4008 1165 4074 similis
1193 4006 1269 4070 fidei
1291 4028 1369 4092 sup-

264 4243 295 4292 19
314 4242 423 4308 ceperat
440 4238 466 4288 F
500 4321 522 4324 w
548 4243 578 4292 21
598 4239 696 4306 pheon}
715 4240 743 4305 (b
761 4257 833 4295 corr.
852 4243 880 4294 ia
898 4259 916 4296 u
934 4258 952 4296 a
969 4259 1039 4294 maa.
1057 4243 1163 4306 scatl‘
1249 4244 1282 4293 22
1302 4254 1369 4310 egra

193 4331 225 4392 F,
243 4347 343 4400 egraqv
430 4336 462 4384 29
482 4332 575 4401 lptF¹
796 4338 798 4342 ·
