2934 4900
247 233 287 296 el
771 245 864 291 oraru
885 245 907 290 v

251 401 347 465 ducta
368 398 486 462 mutuis
508 396 711 481 amplexibus
733 399 877 462 alternae
899 398 1103 466 salutationis
1125 398 1263 483 expletis
1285 417 1402 483 percon-

249 511 330 576 tanti
352 529 468 576 causas
490 507 648 572 oduentus
671 507 720 574 sui
743 508 790 574 sic
812 508 926 592 incipit
1440 488 1441 581 l

332 613 525 684 ‘Meministi
554 618 722 684 consilium
754 626 906 698 uestrum,
937 620 1059 686 scilicet
1081 639 1143 702 quo
1164 620 1245 685 mihi
1268 618 1402 685 suasistis

249 739 285 798 ut
299 732 445 812 bestiam,
463 748 546 814 quae
562 728 668 792 mariti
683 730 816 794 mentito
831 731 959 796 nomine
974 751 1100 797 mecum
1117 730 1310 815 quiescebat,
1326 728 1402 812 prius
1440 712 1441 757 f

250 863 346 927 quam
368 841 513 924 ingluuie
534 839 643 904 uoraci
666 858 717 903 me
739 840 898 906 misellam
921 841 1073 924 hauriret,
1103 842 1237 925 ancipiti
1259 840 1425 907 nouacula5

249 954 448 1038 perimerem.
473 949 530 1016 sed
553 970 624 1014 cum
647 951 801 1033 primum,
836 957 871 1015 ut
892 971 995 1035 aeque
1016 954 1199 1037 placuerat,
1223 951 1349 1016 conscio
1368 950 1404 1011 lu·

248 1063 334 1128 mine
367 1063 474 1127 uultus
508 1061 578 1126 eius
611 1062 740 1144 aspexi,
778 1061 873 1127 uideo
902 1063 1016 1126 mirum
1045 1062 1254 1144 diuinumque
1288 1081 1403 1146 prorsus

249 1173 481 1258 spectaculum,
510 1171 617 1256 ipsum
639 1170 728 1234 illum
752 1170 833 1236 deae
856 1172 992 1238 Veneris
1018 1173 1135 1256 filiurn,
1158 1173 1265 1258 ipsum
1288 1173 1402 1254 inquam
1441 1196 1442 1239 z

248 1283 440 1367 Cupidinem
463 1281 528 1346 leni
551 1281 658 1364 quiete
681 1281 829 1365 sopitum.
867 1301 906 1346 ac
928 1283 1003 1347 dum
1025 1285 1106 1349 tanti
1136 1284 1213 1349 boni
1237 1283 1402 1367 spectaculo
1441 1252 1442 1313 f

250 1394 373 1479 percita
402 1398 432 1456 et
460 1392 560 1456 nimia
583 1391 760 1475 uoluptatis
792 1393 887 1476 copia
917 1394 1046 1458 turbata
1078 1394 1204 1458 fruendi
1237 1394 1434 1457 laborarent*

247 1505 373 1588 inopia,
404 1522 482 1568 casu
505 1501 627 1567 scilicet
648 1521 800 1585 pessumo
823 1504 954 1569 lucerna
976 1505 1106 1570 feruens
1129 1505 1234 1569 oleum
1257 1502 1403 1568 rebulliuit

247 1616 280 1680 in
303 1615 373 1681 eius
402 1633 556 1678 umerum.
594 1632 656 1695 quo
690 1612 800 1678 dolore
831 1614 938 1679 statim
968 1636 1080 1680 somno
1111 1635 1262 1680 recussus
1290 1615 1342 1677 uhi
1361 1631 1401 1675 me

247 1727 331 1791 ferro
354 1733 385 1790 et
407 1724 476 1807 igni
499 1722 666 1806 conspexit
686 1731 845 1788 armatam
865 1717 918 1788 ‘tu
941 1717 1086 1808 quidem'
1111 1713 1214 1809 inquit
1243 1718 1305 1788 ‘ob
1332 1721 1402 1789 istud

247 1845 312 1900 tam
334 1835 440 1900 dirum
462 1834 587 1898 facinus
611 1834 779 1899 confestim
801 1841 869 1899 toro
893 1853 963 1900 meo
980 1835 1106 1901 diuorte
1128 1836 1322 1919 tibique‘res
1342 1841 1401 1897 tuas

245 1946 378 2027 habeto,
412 1963 472 2028 ego
496 1964 572 2009 uero
595 1962 737 2008 sororem
766 1950 854 2009 tuam
877 1952 973 2010 -ct
994 1965 1111 2011 nomen
1135 1965 1196 2029 quo
1219 1951 1254 2009 tu
1276 1942 1400 2010 censeris
1416 1942 1435 1989 1³³

249 2056 358 2149 aiebat
378 2089 421 2101 -
439 2049 527 2118 ‘iam
550 2053 629 2118 mihi
652 2055 863 2120 confarreatis
893 2057 1015 2140 nuptiis
1039 2050 1233 2140 coniugabo'
1259 2061 1291 2120 ct
1311 2054 1402 2121 statim

248 2166 398 2252 Zephyro
420 2165 580 2249 praecipit
601 2165 685 2229 ultra
706 2165 861 2231 terminos
882 2185 933 2231 me
955 2166 1069 2233 domus
1092 2168 1161 2233 cius
1185 2158 1332 2232 efflaret'

96 2271 222 2353 XXVII
333 2274 479 2341 Necdum
495 2291 675 2342 sermonem
691 2275 817 2360 Psyche
838 2277 975 2361 finierat,
999 2288 1031 2339 ot
1046 2279 1104 2342 illa
1119 2296 1262 2343 uesanac
1277 2273 1402 2341 libidinis
1443 2328 1444 2347 ,

250 2394 282 2453 et
303 2385 448 2453 inuidiae
470 2386 589 2451 noxiae
611 2386 749 2453 stimulis
772 2387 903 2471 agitata,
927 2389 1017 2455 uafre
1039 2389 1229 2454 concinnato
1251 2385 1402 2454 mendacio

250 2499 365 2564 fallens
387 2497 536 2561 maritum
559 2497 651 2579 quasi
674 2498 715 2562 de
737 2506 838 2563 morte
861 2505 1030 2583 parentum
1060 2499 1184 2583 aliquid
1212 2498 1402 2583 conperisset,
1414 2486 1435 2533 '³⁰

250 2609 357 2674 statim
379 2626 497 2673 nauem
520 2606 668 2672 ascendit
690 2614 722 2672 et
744 2608 787 2673 ad
818 2609 908 2673 illum
942 2611 1107 2694 scopulum
1137 2610 1284 2695 protinus
1313 2606 1402 2693 pergit

248 2725 280 2783 ct
301 2718 449 2800 quamuis
471 2718 536 2782 alio
560 2716 658 2782 flante
680 2725 786 2801 uento,
810 2738 908 2785 caeca
930 2740 989 2805 spe
1009 2727 1118 2785 tamen
1140 2720 1271 2785 inhians
1290 2712 1402 2800 ‘accipe

249 2824 310 2893 me'
335 2827 446 2893 dicens
466 2820 620 2912 ‘Cupido
645 2828 777 2911 dignam
800 2835 831 2894 te
854 2831 1021 2914 coniugem
1044 2838 1077 2897 et
1098 2838 1142 2905 tu,
1165 2830 1328 2915 Zephyre,
1349 2844 1401 2893 sus·

248 2942 319 3024 cipe
342 2938 504 3003 dominam
518 2930 540 3003 l'
566 2940 652 3004 saltu
673 2959 707 3004 sc
723 2940 864 3004 maximo
886 2942 1099 3026 praecipitem
1114 2941 1212 3007 dedit.
1235 2938 1295 3006 nec
1308 2947 1399 3003 minen

248 3049 290 3115 ad
312 3050 402 3113 illum
424 3049 528 3112 locum
551 3050 603 3112 ucl
627 3050 740 3114 saltem
763 3057 888 3115 mortua
910 3053 1080 3135 peruenire
1108 3052 1221 3136 potuit.
1259 3071 1331 3115 nam
1355 3046 1431 3131 perll

250 3180 330 3225 saxa
352 3159 495 3223 cautium
517 3158 670 3225 membris
695 3160 823 3226 iactatis
846 3167 942 3243 atquc
974 3161 1143 3246 dissipatis
1166 3168 1198 3226 ct
1226 3159 1355 3245 proinde
1373 3163 1400 3218 ut
1413 3144 1444 3210 [¹³³

248 3270 429 3333 merebatur
460 3262 613 3334 laceratis
636 3270 816 3337 uisceribus
839 3272 906 3336 suis
934 3272 1066 3338 alitibus
1090 3272 1266 3355 bestiisque
1289 3269 1399 3335 obuium

248 3379 355 3444 ferens
377 3378 531 3461 pabulum
555 3378 684 3444 interiit.

333 3490 401 3552 Nec
422 3488 584 3554 uindictae
608 3491 772 3575 sequentis
800 3508 907 3574 poena
927 3491 1078 3557 tardauit.
1108 3512 1183 3557 nam
1205 3491 1329 3576 Psyche
1349 3507 1400 3552 rur·

319 3748 327 3795 l
349 3739 462 3811 dplcxxb3
484 3746 523 3799 sic
539 3744 584 3814 Fe
666 3749 681 3799 6
699 3728 802 3813 pimerh
817 3743 850 3814 f:
874 3731 983 3813 pemere
1005 3743 1036 3806 F,
1060 3706 1202 3811 pemerdp
1276 3748 1304 3796 lt]
1320 3742 1400 3796 uolun-

247 3862 310 3913 tatll
325 3862 356 3927 F,
374 3826 538 3933 uoldtatrlp
626 3869 653 3917 11
674 3864 794 3933 pellumc
813 3879 868 3916 noa
879 3864 1048 3931 tactatumia
1066 3862 1094 3915 F
1158 3880 1177 3915 u
1189 3862 1309 3933 primam
1325 3862 1350 3914 e'n
1367 3870 1400 3910 re·

247 3982 353 4035 uulhurt
371 3985 487 4037 mutauit
505 3984 533 4036 ia
551 3983 568 4037 b
586 3999 681 4037 mortus
698 3982 818 4038 recaredo
836 3983 864 4035 in
882 3981 910 4034 F
994 3986 1023 4035 13
1042 3980 1087 4049 ob]
1112 3981 1159 4034 ubr
1176 3980 1212 4045 F,
1236 3944 1294 4049 hp
1378 3977 1400 4025 14

247 4099 351 4153 diuertc
367 4100 389 4169 f
471 4106 501 4156 16
519 4116 573 4155 ram
591 4103 647 4169 (sic,
664 4118 719 4156 raca
737 4102 797 4166 lam,
816 4100 899 4171 tocpa
916 4106 934 4163 ι)
953 4063 979 4153 nh
997 4088 1077 4153 olelti
1096 4100 1236 4169 arreatlhrl
1248 4105 1355 4170 praeter
1370 4091 1403 4146 hri

247 4192 410 4247 inductoria
427 4194 467 4247 F:
494 4195 647 4249 emendabit
664 4194 805 4249 Merceras
892 4198 923 4247 18
941 4199 970 4246 at
994 4193 1100 4247 addidit
1117 4193 1233 4247 Iobatem
1321 4196 1346 4244 lt
1361 4202 1399 4241 ua-

246 4284 286 4338 fre
313 4287 472 4341 concinnato
500 4289 626 4341 Hertzt'us
644 4286 783 4359 Philolopi
810 4288 874 4339 1861
894 4303 925 4357 p.
945 4287 1011 4339 178.-
1031 4288 1036 4354 l
1055 4286 1259 4342 freconcmuato
1287 4286 1324 4349 F,
1346 4299 1358 4336 c
1378 4292 1402 4333 rt

247 4378 408 4433 concinnato
427 4381 541 4435 coniecit
557 4379 672 4435 Iahnius
758 4384 790 4434 28
808 4376 910 4449 pabulh
926 4379 979 4450 sp:
997 4377 1099 4451 pauulh
1118 4380 1145 4433 F
