2934 4900
572 229 645 276 cuc.
667 212 760 275 11—'v
1190 218 1247 277 157
1303 228 1305 236 ·

72 386 238 446 monstrat
260 381 376 448 ceteris
399 388 433 446 ut
456 400 560 466 aquae
582 383 722 446 recentis
745 382 935 466 completam
957 383 1083 466 peluem
1098 383 1249 448 offerrent

72 491 167 574 potui
189 511 259 556 mec
283 511 321 556 ac
344 492 371 558 si
393 491 572 577 intrepidus
603 499 634 558 et
661 511 749 557 more
776 493 870 557 solito
898 513 1028 558 sumens
1056 495 1150 577 aquis
1171 492 1250 558 adli·

72 601 257 684 bescerem,
296 622 408 666 sanum
438 621 488 666 me
516 609 612 686 atque
641 603 727 668 omni
757 603 867 667 morbo
905 604 1024 669 scirent
1046 603 1246 688 expeditum:

73 718 190 776 contra
210 731 288 777 uero
311 713 339 778 si
362 713 466 777 uisum
489 719 730 796 contactumque
759 714 864 778 laticis
893 715 1028 778 uitarem
1057 733 1095 777 ac
1116 713 1249 798 perhor-

37 830 251 904 5rescerem,
284 842 343 906 pro
369 829 533 906 comperto
564 825 695 891 noxiam
726 824 850 888 rabiem
884 824 1091 909 pertinaciter
1119 824 1247 891 durare.

73 931 140 996 hoc
161 933 247 997 enim
268 933 360 1000 libris
382 934 477 998 etiam
499 935 643 1018 pristinis
665 934 826 1018 proditum
848 935 1013 1020 obseruari
1036 935 1148 1000 solere.
1182 935 1245 1000 istc
1268 936 1333 1001 IIII
1375 943 1379 952 '

73 1042 195 1126 placito
218 1064 278 1108 uas
307 1043 446 1109 immane
475 1045 640 1110 confestim
670 1064 773 1128 aquae
809 1045 994 1129 perlucidae
1026 1044 1066 1108 de
1102 1044 1248 1128 proximo

74 1153 199 1237 petitae
228 1147 314 1218 sonte
337 1161 541 1221 cunctantes·
554 1155 659 1220 adhuc
680 1155 818 1220 offerunt
838 1155 927 1237 mihi,
957 1161 991 1218 at
1006 1175 1066 1237 ego
1089 1155 1159 1220 sine
1182 1156 1248 1219 ulla
1277 1144 1284 1153 ’

73 1283 169 1326 mora
204 1283 395 1348 progressus
418 1265 514 1330 etlam
543 1266 637 1329 obuio
665 1264 769 1348 gradu
802 1265 881 1330 satis
910 1265 1053 1330 sitienter
1075 1285 1194 1348 pronus
1217 1271 1249 1328 et

27 1384 55 1432 ro
74 1378 177 1436 totum
200 1382 296 1458 caput
317 1374 457 1440 inferens
479 1376 636 1460 salutares
657 1394 732 1439 uere
762 1374 909 1458 equidem
938 1377 1012 1442 illas
1040 1395 1142 1458 aquas
1169 1375 1247 1439 hau·

74 1483 211 1548 riebam.
234 1485 363 1568 iamque
386 1487 572 1570 etplausus
588 1507 718 1550 manum
741 1492 773 1550 et
794 1486 920 1550 aurium
942 1486 1044 1552 flexus
1066 1491 1098 1549 et
1119 1484 1247 1549 ductum

76 1594 212 1679 capistri
234 1602 266 1660 et
292 1594 422 1677 quiduis
448 1596 536 1660 aliud
558 1597 809 1679 periclitantium
824 1595 951 1679 placide
972 1595 1119 1681 patiebar
1141 1594 1246 1678 quoad

75 1712 189 1770 contra
210 1709 388 1770 uaesanam
411 1726 520 1771 corum
556 1707 850 1790 praesumptionem
872 1706 1064 1774 modestiam
1086 1726 1190 1771 meam
1211 1705 1248 1768 li-

76 1815 176 1899 quido
199 1816 321 1882 cunctis
343 1817 567 1901 adprobarem.

29 1939 56 1987 15
162 1927 214 1991 Ad
233 1928 329 1992 istum
352 1926 480 1992 modum
494 1920 603 1990 ¹uitato
627 1927 747 2011 duplici
769 1927 911 2013 periculo
934 1929 987 1994 die
1010 1931 1155 2011 sequenti
1179 1952 1247 1995 rur-

74 2057 145 2101 sum
169 2035 288 2103 diuinis
312 2037 438 2104 exuuiis
466 2044 600 2103 onustus
630 2057 700 2102 cum
730 2040 860 2104 crotalis
883 2046 914 2104 et
935 2040 1093 2123 cymbalis
1115 2040 1247 2104 circum-

11 2149 58 2232 ite]
75 2139 245 2212 foraneum
268 2146 526 2213 mendicabulum
549 2147 707 2231 producor
728 2149 772 2214 ad
794 2150 890 2214 uiam.
913 2169 973 2215 nee
994 2151 1106 2234 paucis
1128 2152 1247 2216 casulis
1292 2171 1296 2182 ’

76 2266 175 2340 atque
196 2259 340 2324 castellis
364 2257 520 2324 oberratis
544 2258 740 2326 deuertimus
755 2259 798 2323 ad
813 2262 995 2343 quempiam
1017 2280 1135 2344 pagum
1158 2261 1247 2326 urbis

77 2370 251 2454 opulentae
275 2368 452 2453 quondam,
490 2375 524 2432 ut
554 2370 777 2435 memorabant
804 2370 945 2451 incolae,
982 2371 1067 2436 inter
1096 2372 1248 2436 semiruta

28 2486 57 2535 20
76 2480 219 2563 uestigia
241 2480 402 2544 conditum
419 2487 450 2544 et
472 2479 613 2563 hospitio
636 2482 785 2566 proxumi
807 2482 927 2547 stabuli
949 2482 1069 2564 recepti
1085 2481 1248 2565 cognosci-

75 2610 145 2655 mus
168 2590 310 2675 lepidam
333 2590 373 2655 de
395 2589 553 2655 adulterio
583 2591 749 2657 cuiusdam
782 2593 936 2676 pauperis
963 2593 1122 2668 fabulam,
1152 2612 1246 2675 quam

75 2722 133 2766 uos
157 2701 256 2765 etiam
278 2700 478 2783 cognoscatis
501 2702 583 2765 uolo.

162 2811 196 2876 Is
225 2812 338 2892 gracili
374 2811 529 2896 pauperie
566 2811 718 2877 laborans
755 2812 887 2879 fabriles
914 2832 1030 2896 operas
1063 2807 1302 2895 praebendoV

76 2923 189 3003 paruis
212 2922 277 2987 illis
301 2920 502 2986 mercedibus
524 2921 625 2984 uitam
648 2921 786 2985 tenebat.
821 2929 891 2988 erat
912 2922 943 2987 ei
964 2930 1073 2988 tamen
1095 2923 1248 2987 uxorcula

29 3040 58 3088 ‘25
77 3033 176 3096 ctiam
200 3032 279 3097 satis
309 3030 437 3113 quidem
474 3031 579 3095 tenuis
616 3036 647 3096 ct
683 3032 772 3115 ipsa,
810 3050 921 3095 uerum
950 3040 1058 3097 tamen
1085 3039 1248 3115 postrema

76 3144 214 3210 lasciuia
235 3141 476 3225 famigerabilis.
520 3140 577 3206 sed
605 3140 657 3205 die
690 3141 829 3222 quadam
852 3141 928 3206 dum
950 3143 1105 3207 matutino
1126 3143 1182 3206 ille
1205 3141 1247 3207 ad

77 3274 159 3339 opus
189 3259 371 3335 susceptum
408 3251 634 3335 proficiscitur,
673 3253 781 3317 statim
802 3253 939 3317 latenter
961 3246 1080 3337 inrepit
1101 3252 1170 3318 cius
1191 3252 1247 3317 ho-

77 3365 208 3449 spitium
236 3362 427 3427 temerarius
451 3359 585 3426 adulter.
630 3380 667 3425 ac
695 3361 771 3426 dum
794 3361 930 3429 Veneris
958 3362 1246 3428 conluctationibus

77 3474 222 3540 securius
245 3478 427 3557 operantur,
458 3471 591 3536 maritus
613 3472 746 3553 ignarus
768 3492 873 3540 rerum
896 3492 934 3536 ac
956 3473 1038 3537 nihil
1059 3473 1157 3537 etiam
1180 3480 1245 3555 tum

29 3599 58 3647 ts
77 3586 141 3649 tale
164 3584 334 3667 suspicans
356 3582 541 3665 inprouisus
564 3581 738 3664 hospitium
761 3582 905 3665 repetit·
923 3584 1052 3664 iamque
1073 3582 1191 3649 clausis
1215 3591 1247 3649 et

76 3695 235 3760 obseratis
259 3694 379 3758 loribus
400 3692 509 3757 uxoris
536 3691 669 3756 laudata
691 3693 888 3757 continentia
916 3693 1047 3757 ianuam
1076 3694 1184 3777 pulsat
1206 3696 1246 3759 si-

75 3804 141 3868 bilo
164 3805 262 3869 etiam
285 3804 502 3887 praesentiam
526 3822 616 3868 suam
639 3802 859 3868 denuntiante.
893 3809 968 3869 tunc
990 3804 1106 3882 mulier
1128 3802 1246 3868 callida

790 4022 801 4068 l
814 4020 908 4073 uergens

144 4076 260 4140 8petrte
277 4066 323 4141 pt
339 4076 423 4139 'petito
452 4086 477 4133 to
496 4073 525 4125 ia
541 4078 607 4139 aas.)
626 4071 654 4125 F
737 4076 768 4124 10
785 4072 902 4126 mfereni
917 4072 955 4132 F,
979 4071 1126 4140 uergensp
1216 4076 1244 4125 13

75 4160 175 4219 uetant
195 4180 199 4224 ι
205 4172 278 4236 post.
297 4181 314 4219 a
330 4184 348 4219 a
365 4180 448 4218 macta
471 4180 523 4218 sec.
542 4166 571 4217 ta
588 4172 651 4225 aas.)
670 4165 701 4227 F,
719 4167 857 4234 uetante>
937 4170 966 4219 lo
985 4164 1089 4218 erubui
1104 4164 1132 4217 F
1212 4168 1244 4217 23

76 4259 97 4310 1l
114 4278 150 4327 9⁰²
175 4259 220 4311 luc
245 4276 263 4312 a
280 4274 436 4314 manusco.
462 4259 569 4311 auras.
595 4258 624 4313 F
703 4260 799 4327 gracrh
821 4260 852 4329 f:
874 4260 955 4313 nucib
973 4259 1001 4312 F
1041 4246 1044 4251 ’
1081 4255 1187 4325 pheudo
1206 4256 1245 4310 F:

77 4351 198 4418 pluendos
214 4356 245 4404 ut
260 4353 317 4407 aid.
333 4352 358 4421 f,
377 4350 521 4421 phendop
607 4355 639 4405 29
658 4352 741 4406 mchrl
756 4352 786 4406 F
866 4356 899 4407 30
916 4348 1013 4421 osprtriu
1029 4351 1058 4405 F
