2934 4900
169 184 176 194 ‘
234 186 273 250 28
535 174 537 185 ’
754 203 847 249 araur
868 203 894 248 11

232 355 383 438 inquiens
399 353 542 437 alioquin
565 360 597 420 et
611 355 770 438 petulans,
794 338 892 421 etiam
907 353 1035 420 saueius
1057 354 1223 437 paulisper
1237 351 1408 435 inguinum

231 464 312 546 fine,
344 464 465 529 lacinia
491 470 615 530 remota
644 465 869 549 inpatientiam
897 464 1034 531 Veneris
1063 463 1170 528 Fotidi
1198 481 1289 527 meae
1316 481 1409 527 mon-

233 584 339 642 strans
366 567 544 645 ‘miserere'
574 574 706 659 iuquam
736 567 782 639 ‘et
803 575 940 642 subueni
955 574 1121 641 maturius.
1157 593 1233 638 nam
1255 579 1291 637 ut
1311 572 1408 638 uides
1425 576 1443 643 [r

232 687 369 770 proelio,
403 686 488 770 quod
515 686 608 754 nobis
638 685 708 754 sine
736 685 837 752 fetiali
859 686 965 751 officio
993 684 1177 766 indixerat,
1209 683 1275 750 iam
1297 683 1408 768 proxi-

231 804 339 864 mante
367 796 574 864 uehementer
601 799 743 865 intentus
776 796 831 861 nbi
860 795 996 881 primam
1020 780 1172 878 sagittam
1194 793 1286 860 saeui
1309 791 1436 878 Cupi-5

231 907 315 974 diuis
342 908 376 973 in
404 907 470 973 ima
497 899 694 992 praecordia
713 928 787 974 mea
816 906 985 990 delapsam
1008 905 1136 990 excepi,
1165 922 1274 970 arcum
1295 924 1408 970 meum

229 1018 353 1102 etipse
375 1018 467 1101 uigor·
497 1018 667 1086 attetendit
693 1025 724 1084 et
753 1016 872 1102 oppido
901 1016 1037 1082 formido
1068 1035 1109 1085 ue
1138 1035 1256 1080 neruus
1284 1015 1406 1097 rigoris

227 1128 392 1194 nimietate
421 1137 597 1212 rumpatur.
636 1128 694 1196 sed
723 1136 758 1197 ut
786 1128 865 1194 mihi
887 1147 1007 1194 morem
1029 1127 1158 1212 plenius
1180 1123 1338 1209 gesseris,
1369 1125 1406 1188 in

228 1239 363 1304 effusum
386 1239 461 1306 laxa
477 1240 597 1306 crinem
620 1247 652 1306 et
673 1239 791 1324 capillo
816 1238 935 1305 fluente
952 1237 1111 1308 undanter
1132 1236 1193 1302 ede
1215 1235 1406 1319 complexus

228 1341 412 1415 amabiles'
1424 1360 1447 1407 n

109 1464 204 1531 XVII
311 1461 380 1554 Nec
409 1479 499 1524 mora
528 1478 599 1525 cum
628 1459 778 1526 omuibus
807 1459 872 1526 illis
895 1458 1027 1524 cibariis
1049 1457 1191 1524 uasculis
1213 1456 1332 1540 raptim
1356 1476 1408 1522 re-

228 1570 323 1636 motis
352 1569 477 1636 laciniis
510 1570 631 1637 cunctis
661 1570 729 1637 suis
757 1569 916 1636 renudata
944 1567 1087 1634 crinibus
1115 1563 1212 1652 quam
1234 1565 1411 1633 dissolutis

227 1679 270 1745 ad
285 1680 421 1745 hilarem
443 1680 612 1746 lasciuiam
635 1681 668 1747 in
689 1681 831 1765 speciem
846 1679 993 1763 Veneris,
1017 1698 1100 1762 quae
1122 1677 1264 1744 marinos
1285 1676 1407 1744 fluctus

228 1789 329 1871 subit,
363 1791 496 1875 pulchre
526 1790 699 1856 reformata
726 1792 893 1877 paulisper
925 1791 1023 1856 etiam
1059 1788 1234 1872 glabellum
1268 1787 1407 1855 feminal

227 1920 322 1966 rosea
349 1902 496 1985 palmula
525 1901 632 1986 potius
665 1901 861 1968 obumbrans
895 1900 936 1966 de
969 1899 1128 1965 industria
1160 1919 1257 1983 quam
1284 1905 1406 1981 tegens
1426 1904 1448 1950 n

227 2010 425 2077 uerecundia
448 2003 635 2094 ‘proeliare'
666 2012 771 2093 iuquit
797 2005 842 2076 tet
868 2011 992 2076 sortiter
1020 2009 1196 2092 praeliare,
1230 2027 1290 2074 nec
1312 2009 1405 2074 enirn

226 2120 284 2184 tibi
300 2119 412 2185 cedam
435 2141 493 2186 nee
515 2130 606 2204 terga
621 2127 756 2187 nortem.
793 2122 970 2187 cornminus
992 2121 1207 2206 inaspectum
1230 2118 1258 2184 si
1280 2120 1330 2182 uir
1355 2139 1405 2200 ee,

226 2230 330 2314 dirige
352 2238 383 2296 et
404 2251 556 2315 grassare
571 2233 698 2298 nauiter
718 2239 750 2298 et
772 2232 882 2298 occide
897 2232 1080 2297 moriturus.
1117 2229 1275 2295 hodierna
1288 2249 1407 2312 pugna

226 2361 291 2404 nou
320 2339 418 2406 habet
445 2335 655 2408 missionem'
694 2343 776 2408 baec
806 2343 899 2409 simul
922 2341 1033 2408 dicens
1055 2341 1205 2406 inscenso
1226 2337 1405 2422 grabatulo

226 2471 323 2535 super
357 2472 406 2517 me
440 2454 560 2520 sensim
593 2435 742 2521 residens
773 2473 813 2519 ac
844 2454 957 2527 crebra
990 2451 1164 2518 subsiliens
1202 2448 1405 2533 lubricisque
1422 2461 1447 2509 ιιι

222 2561 369 2644 gestibus
391 2563 541 2629 mobilem
564 2564 691 2649 spinam
714 2564 863 2646 quatiens
884 2562 1047 2647 pendulae
1069 2549 1205 2627 Veneris
1227 2560 1330 2625 fructu
1348 2581 1405 2626 me

224 2672 356 2737 satiauit
371 2694 472 2758 usque
494 2673 570 2739 dum
592 2674 689 2741 lassis
712 2673 830 2741 animis
852 2681 885 2739 et
906 2670 1059 2737 marcidis
1080 2670 1214 2736 artubus
1229 2670 1406 2753 defatigati

223 2783 319 2848 simul
347 2783 441 2849 ambo
470 2786 647 2851 corruimus
676 2785 760 2851 inter
789 2791 916 2849 mutuos
944 2783 1113 2866 amplexus
1142 2782 1268 2847 animas
1299 2781 1405 2847 anhe-

222 2894 338 2960 lantes.
375 2894 427 2961 bis
456 2901 487 2959 et
515 2894 611 2961 buius
640 2895 728 2960 modi
756 2892 1043 2959 conturbationibus
1072 2890 1114 2957 ad
1143 2891 1283 2957 confinia
1314 2892 1404 2964 lucis

223 3025 324 3089 usque
336 3004 511 3090 peruigiles
524 3006 648 3089 egimus
660 3006 786 3090 poculis
807 3003 966 3070 interdum
978 3001 1203 3069 lassitudinem
1215 3001 1403 3069 refouentes
1420 3015 1444 3063 ιι

294 3376 303 3421 1
323 3364 432 3436 iuquiei'
442 3369 556 3423 corciecit
571 3365 788 3437 Oudendorpa'as,
805 3365 907 3419 inciens
921 3365 967 3419 atel
981 3364 1087 3417 inhians
1099 3363 1208 3418 Cbluius
1257 3362 1404 3430 inguinum

223 3461 294 3515 sanie
317 3462 431 3516 coniecit
448 3460 558 3533 Lepsios
670 3454 768 3511 atta
786 3454 899 3514 ineffuld
925 3458 955 3511 ιἰι
980 3473 1035 3511 rus.
1063 3456 1128 3518 (uid.
1152 3456 1344 3525 subrectio
1369 3458 1401 3522 F,
1451 3520 1456 3527 .

1060 3537 1073 3566 Ο

221 3574 315 3633 ieffulir
333 3598 351 3647 φ
456 3578 546 3631 fluens
564 3577 675 3631 undans
699 3577 767 3632 Fet
784 3576 846 3631 odd.
865 3580 893 3630 ιἰι
913 3577 1038 3647 uccrpine
1056 3592 1078 3629 c.
1096 3574 1222 3642 flueren
1303 3578 1337 3628 12
1357 3592 1401 3629 re-

221 3670 384 3748 nuldatap:
404 3672 600 3751 renundataF
667 3674 696 3723 11
716 3671 791 3725 lubra
808 3701 818 3722 ι
836 3671 937 3740 (suita)
955 3670 998 3738 Fp
1064 3668 1176 3738 pulchre
1192 3666 1284 3735 55on
1340 3669 1401 3737 gla-

220 3761 292 3819 uelld
310 3764 408 3827 femma
426 3765 456 3820 ul
473 3766 505 3830 F,
523 3759 638 3833 glabellb
657 3764 683 3827 (b
703 3780 775 3819 corr.
792 3770 823 3817 ut
840 3763 895 3818 uid.
914 3780 951 3818 eoo
967 3770 996 3818 ul
1013 3761 1114 3815 femma
1130 3761 1141 3813 l
1158 3759 1251 3814 addito
1275 3760 1304 3813 ιἰι
1324 3778 1402 3815 mor-

219 3886 283 3955 pt'oe
300 3864 314 3937 ὃ
333 3881 430 3938 femine
447 3883 634 3938 diminuturum
662 3890 686 3937 e.
707 3886 711 3952 Ι
729 3883 854 3951 glabellu.
889 3889 916 3935 et
935 3880 1034 3952 purello
1064 3879 1182 3948 inferius
1214 3840 1236 3931 g.
1275 3877 1402 3945 glabellu

219 3976 336 4032 semmai
389 3984 407 4031 i.
432 3976 495 4033 albu
518 3984 598 4032 canu.
624 3977 668 4030 [eu
690 3976 781 4030 uulua.
807 3977 811 4044 Ι
838 3977 893 4030 lrne
915 3974 1024 4043 puhlp
1124 3976 1154 4025 15
1173 3970 1343 4025 obumbrant*
1365 3990 1400 4041 p:

219 4069 365 4124 obumbras
379 4070 412 4125 F‘
501 4074 530 4125 16
547 4071 633 4139 plrnre
650 4071 690 4125 bis
707 4070 752 4138 Fp
842 4074 872 4123 18
891 4066 1039 4136 deriger
1126 4069 1156 4119 19
1173 4063 1332 4133 grabattulo
1353 4066 1400 4135 Fp

219 4167 251 4216 20
271 4164 364 4217 crebra
381 4193 391 4216 ι
410 4163 476 4232 (fuit
494 4164 512 4227 l)
536 4163 570 4229 F,
593 4163 687 4217 crebra
711 4182 731 4232 φ
838 4166 869 4216 22
895 4138 973 4230 ιιιῖὶι;
998 4178 1033 4229 p:
1051 4159 1130 4227 artrb;
1153 4158 1182 4211 F
1254 4154 1400 4227 defetrgatr

217 4257 248 4309 ιιι·
262 4255 349 4326 fulba
365 4256 407 4321 F,
426 4256 564 4325 defatrgatr
582 4276 601 4325 φ
682 4260 714 4309 23
732 4256 889 4311 hanelantel
904 4256 933 4312 F
1008 4258 1040 4307 25
1058 4251 1086 4307 fo
1105 4253 1134 4307 in
1151 4248 1304 4307 refouentel
1320 4267 1399 4306 corr.

217 4355 248 4401 ut
264 4346 320 4403 uid.
338 4366 375 4404 ex
391 4355 422 4403 tu
440 4351 466 4404 ιἰι
486 4350 518 4414 F,
536 4348 688 4404 refouentes
706 4368 725 4418 φ
