2934 4900
201 263 211 278 ,
241 204 301 266 tro
582 198 675 265 'oraru
697 221 733 266 vr
754 219 827 266 car.
849 181 1063 266 xxa-xxxrr
1160 223 1165 234 ·

239 368 305 434 iam
327 369 440 436 domus
469 390 579 436 eorum
609 377 786 438 extremam
813 372 948 437 loricam
976 390 1239 456 perueneramus.
1281 375 1313 436 et
1335 387 1402 434 ecce

151 463 153 469 ¹
239 478 281 544 dc
302 479 443 564 quodam
464 501 553 546 ramo
575 501 729 563 procerae
752 501 923 566 cupressus
946 479 1059 546 induta
1079 481 1232 566 laqueum
1248 500 1332 547 anus
1352 479 1404 544 illa

239 588 411 674 pendebat.
435 610 531 673 quam
553 591 682 675 quidem
705 590 881 658 cauatam
903 592 1050 678 protinus
1072 609 1144 656 cum
1166 610 1224 657 suo
1247 591 1308 656 sibi
1330 589 1403 654 tuni·

103 767 107 774 ,
206 745 208 748 -
240 701 311 766 6616
333 699 515 766 deuinctam
548 700 667 768 dedere
700 702 909 787 praecipitem
937 703 1110 786 puellaque
1139 701 1247 766 statim
1270 701 1403 766 distenta

241 809 379 878 uinculis
401 829 522 892 cenam,
545 832 641 895 quam
664 821 815 896 postuma
828 811 999 896 diligentia
1020 818 1276 898 praeparauerat
1295 810 1426 876 intelira

240 920 378 1002 anicula,
401 920 512 987 ferinis
535 922 693 987 inuadunt
715 922 842 988 animis·

108 1019 220 1086 XXXI
327 1031 374 1096 Ac
396 1030 475 1096 dum
494 1031 593 1096 auida
608 1034 783 1121 uoracitate
798 1040 914 1097 cuncta
928 1038 1149 1113 contruncent,
1173 1033 1238 1098 iam
1253 1031 1403 1117 incipiunt

241 1141 283 1207 de
304 1147 414 1208 nostra
437 1160 542 1225 poena
565 1161 687 1225 suaque
710 1142 854 1208 uindicta
875 1161 984 1208 secum
1007 1141 1223 1208 considerare.
1247 1149 1279 1207 et
1300 1147 1401 1226 utpote

145 1317 154 1326 ,
240 1253 274 1318 16
309 1259 401 1317 66616
429 1252 610 1317 turbulento
643 1252 755 1318 uarias
787 1251 875 1317 fuere
898 1253 1079 1318 sententiae
1101 1259 1135 1318 ut
1156 1253 1279 1336 primus
1301 1253 1402 1316 uiuam

241 1363 378 1429 cremari
400 1367 544 1428 censeret
566 1363 716 1447 puellam,
740 1361 901 1428 secundus
923 1363 1037 1429 bestiis
1059 1363 1142 1427 obici
1165 1362 1324 1445 suaderet,
1349 1369 1401 1427 ter·
1418 1387 1436 1435 p

241 1474 305 1540 tius
337 1473 483 1557 patibulo
514 1472 620 1555 suffigi
648 1473 789 1554 iuberet,
827 1478 958 1556 quartus
987 1474 1154 1540 tormentis
1182 1472 1402 1538 excarnificare

242 1583 455 1667 praeciperet,
478 1589 563 1648 certe
584 1583 707 1647 calculo
736 1589 920 1647 cunctorum
948 1589 1120 1666 utcumque
1147 1603 1234 1649 mors
1257 1583 1288 1648 ei
1308 1582 1403 1648 iuerat

242 1694 413 1760 destinata.
436 1700 511 1758 tunc
532 1714 614 1760 unus
637 1692 778 1758 omnium
802 1691 914 1758 sedato
936 1695 1087 1773 tumultu,
1111 1692 1239 1778 placido
1263 1711 1399 1759 sermone

243 1805 290 1872 sic
313 1825 404 1871 orsus
427 1812 476 1870 est

325 1907 416 1981 ‘Nec
440 1921 547 1981 sectae
570 1913 698 1996 collegii
730 1932 791 1978 nec
819 1898 1064 1980 mansuetudini·
1080 1914 1289 1997 'singulorum
1310 1932 1348 1978 ac
1368 1931 1401 1976 ne
1418 1933 1435 1978 6

211 2031 213 2035 ’
243 2045 336 2092 meae
358 2023 487 2108 quidem
508 2023 686 2090 modestiae
709 2024 855 2107 congruit
884 2025 953 2107 pati
975 2045 1034 2089 uos
1062 2025 1146 2089 ultra
1174 2023 1304 2089 modum
1335 2022 1403 2087 deli·
1446 2008 1447 2011 ¹

243 2137 349 2220 otique
382 2135 508 2202 saeuire
536 2135 707 2199 terminum
740 2153 801 2199 nec
821 2134 908 2201 ieras
935 2153 996 2199 nec
1019 2153 1129 2200 cruces
1151 2153 1211 2200 nec
1239 2135 1331 2218 ignes
1352 2151 1402 2197 nec

243 2251 402 2312 tormenta
424 2265 461 2308 ac
482 2265 523 2310 ne
545 2246 657 2324 mortis
681 2243 811 2328 quidem
834 2251 1013 2311 maturatae
1034 2245 1171 2312 festinas
1194 2246 1344 2311 tenebras
1358 2261 1402 2306 ac-

244 2375 380 2421 cessere.
418 2355 498 2420 meis
530 2355 640 2438 itaque
673 2356 817 2421 consiliis
839 2357 1058 2421 auscultantes
1082 2356 1181 2419 uitam
1203 2355 1331 2440 puellae
1354 2351 1402 2418 sed

244 2486 342 2551 quam
364 2472 503 2531 meretur
524 2466 698 2549 largimini.
721 2485 782 2531 mcc
796 2487 855 2532 uos
870 2467 1025 2531 memoria
1039 2465 1183 2532 descruit
1204 2467 1314 2550 utique
1334 2461 1402 2548 quid
1415 2473 1446 2558 11

244 2577 310 2641 iam
332 2576 451 2642 dudum
473 2575 678 2642 decreueritis
701 2574 743 2639 de
764 2577 825 2641 isto
845 2576 938 2642 asino
953 2596 1081 2660 semper
1095 2577 1188 2661 pigro
1204 2575 1332 2657 quidem
1354 2571 1403 2639 sed

246 2686 446 2753 manducone
479 2707 619 2769 summo,
657 2706 742 2751 nuno
770 2687 866 2751 etiam
889 2685 1037 2751 mendaci
1060 2686 1154 2752 fictae
1184 2685 1357 2753 debilitatis
1377 2689 1442 2768 etp

245 2798 416 2882 uirginalis
445 2796 552 2881 fugae
574 2804 739 2881 sequestro
773 2798 993 2880 ministroque.
1031 2797 1116 2861 hunc
1143 2797 1242 2881 igitur
1270 2794 1403 2878 iugulare

246 2908 386 2975 crastino
419 2908 546 2991 placeat
576 2908 716 2990 totisque
747 2906 934 2972 rracueiacto
962 2906 1162 2991 praecordiis
1190 2928 1249 2991 per
1277 2904 1402 2971 mediam

247 3020 355 3085 aluum
379 3017 499 3083 nudam
521 3017 688 3101 uirginem,
712 3038 808 3101 quam
830 3017 982 3102 praetulit
1002 3017 1108 3099 nobis,
1139 3018 1267 3082 insuere
1288 3022 1321 3080 ut
1342 3014 1403 3079 sola
1416 3024 1436 3071 rs

247 3129 330 3194 facie
351 3128 573 3213 praeminente
588 3133 729 3193 ceterum
744 3146 860 3211 corpus
876 3128 1005 3211 puellae
1018 3147 1105 3193 nexu
1119 3127 1221 3192 ferino
1240 3127 1403 3199 coherceat,
1444 3133 1445 3178 ;

249 3246 324 3305 tuno
357 3258 454 3322 super
490 3237 622 3319 aliquod
658 3257 771 3303 saxum
808 3256 995 3321 scruposum
1025 3237 1200 3303 insiticium
1221 3244 1253 3303 et
1281 3235 1403 3301 fartilem
1444 3315 1446 3327 Ι

99 3356 227 3425 XXXII
250 3351 377 3417 asinum
400 3366 561 3432 exponere
587 3355 619 3412 et
641 3347 717 3413 solis
740 3347 884 3413 ardentis
906 3346 1082 3431 saporibus
1103 3346 1243 3413 tradere.
1267 3348 1310 3412 sic
1330 3343 1402 3408 enim
1444 3331 1446 3462 Ι

251 3467 374 3534 cuncta,
413 3478 495 3543 quae
532 3464 616 3521 reete
651 3458 817 3536 statuistis,
855 3457 950 3522 ambo
984 3457 1188 3523 sustinebunt
1220 3464 1253 3522 ot
1285 3459 1399 3521 mortem

251 3571 363 3637 asinus
386 3589 483 3655 quam
504 3566 630 3653 pridem
653 3568 769 3632 meruit
797 3575 829 3631 et
849 3567 908 3631 illa
930 3588 1055 3633 morsus
1082 3567 1232 3650 ferarum,
1256 3587 1323 3631 cum
1343 3581 1399 3626 uer·
1418 3568 1438 3609 11

253 3701 322 3747 mes
343 3679 488 3744 membra
510 3678 687 3759 laniabunt,
718 3684 750 3743 et
782 3678 867 3759 ignis
895 3677 1110 3761 flagrantiam,
1140 3696 1211 3742 cum
1242 3678 1290 3757 sol
1310 3671 1399 3741 nimiis
1443 3679 1444 3736 1

320 3958 487 4027 dpceprtlen
508 3957 597 4026 puella
621 3970 718 4029 ·quae
742 3956 779 4019 F,
803 3960 928 4025 perprtem
952 3956 1045 4026 (prior
1062 3971 1072 4008 1
1089 3971 1160 4009 corr.
1186 3971 1225 4010 aa
1253 3965 1277 4020 e)
1305 3950 1399 4022 puelac

253 4058 288 4121 (q,
308 4053 337 4105 ia
359 4059 424 4116 ras.)
449 4072 468 4119 φ
554 4050 710 4120 5poituma
735 4078 745 4100 ι
769 4048 836 4117 (fait
859 4049 878 4105 ir
902 4043 948 4116 rs
1035 4052 1139 4115 spana
1163 4048 1192 4101 F
1274 4052 1289 4101 9
1314 4037 1404 4100 cetul'

256 4152 286 4199 13
306 4144 397 4201 sedata
419 4150 450 4197 at
474 4144 529 4199 aid.
549 4146 588 4197 F‘
693 4147 724 4197 16
741 4148 799 4212 patr
822 4142 875 4211 sp:
898 4146 969 4210 patrr
987 4139 1016 4193 F
1092 4176 1097 4208 7
1120 4145 1149 4195 18
1168 4140 1301 4197 accessere
1316 4131 1398 4198 cala

254 4269 287 4318 30
298 4227 380 4317 ”irruo
396 4264 439 4332 Fp
459 4266 496 4325 (ia
514 4266 539 4315 F
556 4264 618 4321 add.
644 4278 670 4317 m
688 4276 784 4315 manus
800 4261 944 4322 recentior)
1022 4261 1092 4312 umrl
1107 4259 1175 4314 Fet
1191 4231 1272 4326 icon.
1289 4277 1297 4313 r
1314 4261 1338 4312 ia
1354 4263 1372 4316 o
1386 4269 1399 4317 1

257 4361 287 4409 31
307 4357 445 4424 nrmrrfp:
463 4358 580 4413 uimrlF
683 4378 686 4387 ⁴
1371 4354 1375 4360 '
