2934 4900
539 237 612 285 611.
635 234 837 282 xxm—xxv
1210 220 1276 283 197
1308 280 1313 287 .

99 392 242 475 bamque
263 388 367 474 primo
389 388 546 471 suspicari
574 387 691 453 dehine
713 386 864 454 detestari
891 386 1009 451 dehine
1038 387 1279 456 erudelissimis

99 500 230 585 laqueis
253 499 364 565 mortis
386 498 544 564 insidiari.
580 500 646 563 tale
660 497 1072 581 denique'eomminisoitur
1093 498 1227 565 iaoinus.

189 610 294 675 Anulo
317 608 425 674 mariti
447 615 593 693 surrepto
615 628 669 673 rus
698 609 840 692 profesto
862 608 958 672 mittit
979 607 1140 691 quendam
1163 628 1281 675 semu--

99 723 169 786 lum
191 720 253 787 sibi
276 719 405 804 quidem
433 718 562 783 fidelem
585 718 643 785 sed
671 717 712 783 de
740 719 814 803 ipsa
841 718 906 783 fide
933 717 1075 802 pessime
1097 724 1271 784 merentem

68 846 82 894 5
101 832 158 916 qui
180 831 308 916 puellae
330 829 494 895 nuntiaret
522 828 607 911 quod
629 848 700 893 eam
722 827 849 894 iuuenis
879 828 1040 911 protectus
1062 828 1104 893 ad
1126 828 1279 893 uillulam

102 946 236 1007 uoearet
257 939 300 1005 ad
322 958 395 1006 sese
416 937 527 1004 addito
548 944 583 1004 ut
605 940 675 1005 sola
703 945 735 1003 et
756 944 827 1005 sine
848 939 913 1003 ullo
942 937 1055 1003 eomite
1073 958 1182 1021 quam
1205 958 1272 1003 ma-

100 1050 265 1118 turissime
286 1049 479 1135 perueniret.
516 1056 548 1115 et
568 1068 674 1131 nequa
695 1049 776 1116 forte
803 1055 990 1115 naseeretur
1016 1047 1169 1114 ueniendi
1197 1068 1285 1113 eun--

102 1161 210 1242 matio,
232 1160 331 1225 tradit
352 1161 484 1226 anulum
506 1161 620 1225 marito
643 1159 840 1226 subtractum
869 1160 923 1243 qui
951 1166 1147 1225 monstratus
1176 1157 1273 1224 fidem

102 1272 213 1337 uerbis
235 1271 495 1354 adstipularetur.
532 1278 569 1363 at
587 1270 643 1335 illa
658 1270 812 1335 mandatu
827 1270 935 1335 fratris
958 1268 1140 1353 obsequens
1156 1268 1285 1333 —hoe

53 1403 85 1451 ro
103 1383 190 1448 enirn
213 1382 284 1449 sola
299 1381 423 1453 sciebat
437 1416 479 1426 —-
493 1388 639 1464 respeeto
655 1379 751 1445 etiam
768 1382 860 1465 signo
876 1380 946 1446 eius
963 1379 1049 1464 quod
1071 1379 1284 1467 offerebatur‚.

103 1492 230 1559 nauiter
251 1498 286 1555 nt
306 1497 513 1576 praeseptum
529 1490 633 1556 fuerat
653 1491 840 1556 incomitata
862 1491 1003 1556 festinat.
1041 1489 1099 1557 sed
1114 1488 1169 1553 ubi
1191 1488 1275 1553 frau-

104 1602 155 1668 dis
179 1608 341 1667 extremae
361 1602 456 1684 lapsa
478 1600 626 1682 deeipulo
647 1603 780 1684 laqueos
803 1599 993 1667 insidiarum
1016 1600 1169 1681 accessit,
1198 1605 1285 1662 tune·
1330 1625 1332 1635 ¹

104 1712 161 1777 illa
190 1730 271 1777 uxor
299 1711 431 1794 egregia
464 1730 606 1777 sororem
640 1711 748 1777 mariti
778 1710 972 1777 libidinosae
1000 1709 1103 1774 iuriae
1136 1708 1274 1775 stimulis

104 1823 239 1889 efferata
260 1822 399 1905 primum
421 1819 551 1904 quidem
572 1820 693 1885 nudam
707 1820 819 1902 flagris
840 1821 951 1885 ultime
966 1820 1124 1899 uerberat,
1147 1818 1287 1898 dehine.

56 1949 86 1996 15
104 1932 189 2017 quod
204 1950 258 1999 res
273 1938 344 1997 erat
359 1930 714 2015 clamantemqnodque
725 1932 843 1997 frustra
858 1931 1037 2016 paelicatus
1051 1928 1286 2011 indignatione-

104 2043 248 2124 bulliret,
284 2041 457 2123 fratrisque
485 2060 602 2107 nornen
632 2042 764 2124 saepius
793 2042 963 2107 iterantem
990 2043 1079 2106 uelut
1108 2040 1284 2105 mentitam·

103 2161 199 2237 atque
227 2159 341 2217 ounota
368 2150 542 2234 fingentem
576 2152 689 2217 titione
724 2151 875 2217 eandenti
904 2152 989 2217 inter
1018 2150 1126 2217 media
1156 2149 1277 2215 femina·

104 2263 234 2329 detruso
258 2261 480 2328 crudelissime
501 2262 640 2327 neeauit.

188 2375 279 2437 Tune
306 2372 444 2437 aeerbae
473 2372 585 2438 mortis
614 2371 710 2437 exciti
739 2370 861 2437 nuntiis
890 2370 988 2436 irater
1017 2377 1048 2437 et
1071 2371 1202 2437 maritus
1226 2389 1276 2437 ae·
1313 2369 1415 2436 XXV'

51 2503 85 2552 20
104 2491 234 2550 ourrunt
265 2483 430 2567 uariisque
468 2482 752 2549 lamentationibus
787 2480 936 2547 defletam
971 2483 1112 2567 puellam
1145 2481 1275 2546 tradunt

104 2596 299 2679 sepulturae.
335 2612 396 2660 nee
417 2593 544 2659 iuuenis
566 2593 685 2659 sororis
713 2612 792 2658 suae
821 2599 954 2658 mortem
982 2599 1048 2656 tam
1070 2592 1220 2658 miseram
1243 2603 1275 2658 et

104 2725 125 2768 a
147 2724 209 2788 qua
231 2703 363 2768 minime
393 2723 453 2787 par
481 2709 551 2768 erat
577 2702 711 2768 inlatam
741 2721 844 2786 aequo
873 2704 1011 2767 tolerare
1042 2703 1144 2786 quiuit
1166 2702 1273 2768 animo

18 2814 164 2887 [15116611
185 2813 371 2880 medullitus
393 2811 504 2877 dolore
519 2818 694 2878 commotus
715 2812 957 2895 acerrimaeque
977 2811 1036 2876 bili
1050 2812 1146 2902 noxio
1168 2813 1274 2878 furore

103 2925 253 3010 perfusus
275 2925 351 2989 exin
372 2921 635 3006 flagrantissimis
662 2922 807 2988 febribus
836 2920 972 2988 ardebat
999 2927 1034 2986 ut
1055 2923 1118 3007 ipsi
1135 2942 1274 3006 ,quoque

51 3040 84 3088 25
103 3034 168 3098 iam
190 3033 319 3099 medela
338 3033 502 3098 uideretur
523 3033 719 3099 necessaria.
757 3031 813 3097 sed
842 3051 922 3096 uxor
951 3051 1032 3115 quae
1061 3031 1125 3095 iarn
1148 3031 1273 3114 pridem

102 3163 222 3209 nomen
243 3143 353 3208 uxoris
375 3162 446 3208 oum
462 3142 526 3208 fide
547 3143 741 3228 perdiderat,
765 3141 924 3207 medicum
940 3141 1090 3207 conuenit
1112 3141 1273 3225 quendam

103 3261 200 3320 notae
222 3253 378 3339 perfidiae
401 3254 457 3337 qui
479 3255 544 3318 iam
567 3255 738 3318 multarum
760 3252 941 3334 palmarum
957 3257 1118 3334 spectatus
1141 3251 1275 3334 proeliis

103 3384 224 3448 magna
245 3365 397 3430 dexterae
418 3383 496 3430 suae
517 3370 651 3446 tropaea
670 3362 861 3429 numerabat
889 3362 982 3444 eique
1009 3361 1155 3444 protinus
1184 3362 1274 3444 quin·
1373 3349 1376 3357 ’

103 3474 260 3561 quaginta
281 3475 437 3558 promittit
459 3474 606 3540 sestertia
626 3482 661 3538 ut
682 3474 738 3538 ille
761 3470 890 3556 quidem
912 3472 1156 3537 momentarium
1179 3493 1274 3540 uene·

51 3596 84 3646 ao
102 3607 181 3653 num
203 3585 366 3666 uenderet,
389 3585 447 3650 illa
468 3591 574 3649 autem
598 3591 718 3649 emeret
739 3590 873 3648 mortem
895 3582 1002 3645 mariti
1018 3571 1078 3648 sui.
1115 3602 1178 3665 quo
1202 3603 1282 3648 eon--

102 3700 187 3764 ieeto
209 3695 377 3762 simulatur
397 3694 582 3760 necessaria
603 3692 801 3777 praecordiis
824 3691 984 3758 leniendis
1007 3692 1127 3774 bilique
1151 3692 1274 3758 subtra-

101 3806 232 3872 hendae
247 3806 305 3870 illa
319 3803 501 3889 praenobili
517 3803 621 3889 spotio
637 3823 733 3887 quam
751 3823 818 3868 sao
828 3822 909 3868 rarn
925 3801 1084 3867 dootiores
1106 3804 1276 3867 nominant

103 3915 219 3985 sedin
241 3914 311 3982 eius
333 3915 404 3979 uioe
427 3913 574 3980 subditur
602 3913 669 3979 alia
690 3913 905 3997 Proserpinae
934 3931 1025 3977 saera
1053 3912 1159 3978 saluti.
1196 3913 1276 3976 iam·

173 4135 263 4203 sfid‘e
284 4149 329 4218 Fe
412 4134 535 4216 merentd
551 4147 580 4201 F
663 4152 693 4200 15
718 4147 843 4216 quodque
863 4122 1086 4218 Ouderrdorpr'as:
1116 4161 1223 4214 quoque
1249 4146 1278 4200 F

102 4242 218 4312 pabeam
236 4243 261 4293 F
352 4245 419 4295 226
443 4255 497 4351 qua
520 4239 662 4295 Floridos:
686 4255 738 4310 quq
757 4237 794 4305 F,
819 4241 878 4309 qe
948 4246 1006 4294 erat
1029 4245 1087 4292 6161
1109 4239 1147 4293 F⁴
1240 4243 1272 4293 28

104 4367 201 4428 tropea
216 4359 245 4413 F
309 4364 358 4441 Ι30
376 4375 463 4417 emere
481 4357 581 4425 1161111.
600 4375 671 4413 man.
689 4362 753 4424 see.)
771 4359 815 4427 Fp
