2934 4900
224 172 264 232 42
728 185 818 232 amar
841 186 881 233 111

221 336 309 404 tibus
331 342 363 403 et
385 343 508 404 ceteros
529 337 684 402 incitabat
703 330 797 404 ‘heus
819 339 928 422 pueri,
951 357 1046 422 quam
1061 337 1204 403 maribus
1225 337 1344 402 animis
1369 346 1403 402 et

223 448 346 515 uiribus
379 448 540 514 alacribus
572 447 768 515 dormientes
800 447 1037 533 adgrediamur.
1089 449 1193 514 omnis
1226 448 1401 523 cunctatio,

162 575 164 578 ·
222 559 355 642 ignauia
376 559 487 626 omnis
515 559 653 625 facesset
676 577 693 624 e
714 566 858 643 pectore:
892 559 1001 626 stricto
1030 577 1181 624 mucrone
1208 577 1267 642 per
1294 563 1400 623 totam

223 669 351 734 domum
379 669 495 736 caedes
525 668 676 736 ambulet.
720 670 776 754 qui
803 670 927 754 sopitus
955 669 1090 751 iacebit,
1118 646 1310 751 trucidetur,
1341 670 1402 752 qui

223 799 404 864 repugnare
426 781 645 865 temptauerit,
664 780 806 847 feriatur.
844 779 890 846 sic
913 779 995 847 salui
1017 778 1203 846 recedemus
1218 779 1247 845 si
1269 781 1427 845 saluum5

225 889 259 954 in
280 889 375 954 domo
397 890 558 956 neminem
582 882 832 974 reliquerimus'
871 891 982 972 fateor,
1008 889 1158 971 Quirites,
1183 890 1400 956 exterminare

222 1002 364 1066 latrones
386 1000 462 1065 boni
485 1001 566 1067 ciuis
582 1001 721 1066 officium
738 1001 922 1084 arbitratus,
938 1002 1033 1069 simul
1056 1007 1089 1066 et
1110 1000 1227 1066 eximie
1248 1006 1400 1066 metuens

222 1118 253 1176 et
267 1109 449 1195 hospitibus
472 1112 553 1177 meis
578 1117 608 1175 et
630 1109 719 1191 mihi,
742 1110 885 1196 gladiolo
901 1112 956 1196 qui
978 1116 1177 1196 mepropter
1196 1109 1400 1177 huiusmodi

220 1221 366 1304 pericula
388 1221 617 1302 comitabatur,
641 1228 784 1287 armatus
806 1223 919 1306 fugare
941 1229 1037 1307 atque
1058 1227 1240 1306 proterrere
1261 1241 1320 1288 eos
1343 1221 1400 1285 ad-

221 1351 352 1414 gressus
375 1353 456 1398 sum.
494 1337 527 1396 at
548 1331 596 1396 illi
619 1330 749 1396 barbari
777 1351 910 1416 prorsus
934 1338 965 1398 et
986 1333 1145 1398 immanes
1171 1331 1322 1398 homines
1343 1351 1399 1396 ne·
1417 1343 1436 1390 ru

221 1461 282 1524 que
304 1442 411 1524 lugam
424 1448 597 1526 capessunt
619 1447 650 1506 et
672 1460 743 1506 cum
766 1461 817 1507 me
831 1441 980 1510 uiderent
1001 1444 1035 1509 in
1057 1438 1282 1525 serratamen
1298 1441 1400 1506 auda-

221 1553 300 1616 citer
321 1553 482 1618 resistunt.
839 1616 843 1624 .

154 1663 200 1726 VI
306 1661 464 1745 Dirigitur
491 1661 662 1746 proeliaris
691 1662 788 1729 acies.
825 1664 897 1748 ipse
928 1662 1068 1748 denique
1100 1661 1167 1728 dux
1198 1668 1231 1727 et
1261 1661 1400 1745 signifer

220 1778 398 1838 ceterorum
412 1771 539 1838 ualidis
562 1791 612 1837 me
635 1772 760 1840 uiribus
781 1773 956 1856 adgressus
974 1774 1048 1838 ilico
1071 1773 1220 1838 manibus
1235 1772 1398 1837 ambabus

221 1882 338 1967 capillo
354 1889 516 1968 arreptum
539 1901 577 1946 ac
599 1889 683 1948 retro
706 1884 858 1950 reflexum
883 1883 1025 1967 effligere
1039 1882 1148 1968 lapide
1169 1883 1275 1965 gestit.
1298 1899 1435 1966 quemn

221 1993 296 2058 dum
319 1992 382 2059 sibi
405 1993 526 2078 porrigi
547 1992 685 2076 flagitat,
716 2001 805 2060 certa
836 2014 934 2059 manu
955 2012 1143 2081 percussum
1166 1979 1301 2059 feliciter
1324 2013 1398 2078 pro-

221 2103 338 2169 sterno.
377 2122 415 2167 ac
436 2121 511 2168 mox
532 2103 632 2168 alium
653 2103 791 2189 pedibus
813 2105 894 2171 meis
915 2104 1076 2172 mordicus
1091 2104 1313 2170 inhaerentem
1340 2123 1399 2186 per

221 2214 371 2299 scapulas
393 2213 457 2277 ictu
479 2219 673 2296 temperato,
696 2216 889 2300 tertiumque
911 2200 1081 2299 inprouida
1103 2221 1320 2279 occurrentem
1345 2235 1398 2297 pe-

220 2331 306 2390 ctore
329 2322 450 2388 offenso
473 2343 613 2408 peremo.
651 2324 698 2390 sic
719 2325 985 2409 pace'uindicata
1006 2324 1164 2408 domoque
1179 2322 1346 2409 hospitum
1362 2343 1397 2389 ac

221 2434 324 2501 salute
347 2435 506 2501 communi
528 2417 689 2521 protecta,
719 2457 784 2502 non
804 2442 879 2501 tam
901 2436 1065 2521 impunem
1088 2456 1139 2501 mo
1161 2454 1272 2501 uerum
1294 2436 1395 2501 ctiam
1412 2441 1434 2491 tc

180 2606 183 2623 ,
222 2544 415 2629 laudabilem
438 2545 566 2628 publice
589 2546 760 2612 credebam
782 2547 859 2630 lore,
883 2548 938 2631 qui
960 2566 1001 2613 ne
1024 2547 1149 2612 tantillo
1172 2544 1302 2630 quidem
1324 2567 1397 2611 um·

221 2676 317 2739 quam
339 2655 473 2721 crimine
495 2657 676 2742 postulatus
699 2658 757 2723 sed
779 2657 879 2742 probe
902 2664 1066 2742 spectatus
1089 2656 1175 2741 apud
1197 2676 1286 2722 meos
1309 2677 1396 2723 sem·

220 2785 278 2849 per
305 2765 521 2832 innocentiam
552 2768 727 2835 commodis
757 2769 879 2834 cunctis
908 2748 1128 2833 antetuleram.
1173 2787 1233 2833 neo
1259 2786 1395 2851 possum

219 2875 383 2961 repperire
412 2896 469 2943 cur
496 2878 601 2944 iustae
629 2878 776 2961 ultionis,
807 2899 870 2962 qua
898 2885 1009 2944 contra
1037 2877 1180 2943 latrones
1201 2876 1394 2943 deterrimos

219 2992 395 3053 commotus
418 3008 496 3072 sum,
520 3007 604 3054 nunc
625 2988 722 3053 istum
745 2995 868 3054 reatum
891 2989 1083 3071 sustineam,
1106 3008 1178 3053 cum
1200 3008 1296 3053 nemo
1320 3009 1390 3074 pos·
1409 3000 1430 3049 rt

219 3097 260 3161 sit
289 3103 467 3163 monstrare
497 3099 550 3163 uel
580 3098 729 3184 proprias
759 3098 927 3165 internos
956 3099 1144 3165 inimicitias
1172 3098 1392 3184 praecessisse

219 3225 257 3269 ac
285 3226 327 3271 ne
355 3208 483 3272 omnino
512 3207 591 3273 mihi
618 3215 712 3275 notos
741 3208 816 3276 illos
848 3196 990 3276 latrones
1022 3230 1159 3294 usquam
1192 3209 1302 3274 fuisse.
1341 3209 1393 3272 uel

219 3321 304 3380 certe
331 3317 398 3380 ulla
426 3317 548 3401 praeda
576 3325 770 3386 monstretur
797 3320 889 3386 ouius
916 3319 1068 3405 cupidine
1088 3327 1213 3385 tantum
1234 3318 1391 3401 flagitium

219 3420 588 3493 credatu1·admissum.'
729 3516 731 3520 ι

136 3532 197 3597 Vll
303 3535 390 3601 Haec
411 3537 556 3621 prolatus
577 3559 704 3605 rursum
718 3539 860 3607 lacrimis
883 3541 1005 3608 obortis
1020 3540 1240 3626 porrectisque
1260 3538 1296 3627 in
1319 3558 1391 3625 pre·
1405 3554 1428 3604 au

219 3732 520 3748 -η-ῄ--ῄ-

287 3868 347 3919 tet
373 3882 424 3920 om.
453 3886 473 3935 φ
569 3868 624 3922 rin
641 3883 719 3936 pueri
744 3868 772 3922 iu
798 3884 852 3923 ruo.
880 3871 962 3924 trium
987 3869 1140 3923 litterarum
1167 3869 1197 3922 irc
1213 3868 1246 3934 F,
1273 3883 1388 3937 puenp

220 3961 235 4009 5
254 3972 277 4011 s1
293 3957 398 4012 saluum
416 3960 445 4013 tn
463 3976 517 4013 roa
533 3962 637 4031 sarepta
661 3961 690 4014 to
707 3959 747 4025 F,
775 3961 812 4027 irc
838 3964 913 4018 talou
930 3971 949 4033 φ
1040 3968 1055 4017 6
1073 3963 1251 4017 exterminare
1273 3962 1376 4032 serapti
1380 3980 1388 4009 .-

217 4052 350 4105 extremos
374 4051 402 4106 F
492 4058 506 4105 'l
535 4046 663 4122 arbrtrar*;
695 4053 762 4123 (fuit
787 4056 900 4127 scirpula
925 4073 958 4110 ur
992 4056 1169 4129 sipoifiooas;
1199 4054 1263 4109 add.
1292 4068 1388 4109 marrus

218 4145 359 4209 recentior)
378 4144 409 4210 F,
428 4146 549 4201 arbitret
569 4168 588 4217 φ
691 4154 720 4203 10
738 4150 816 4218 prius
838 4166 891 4203 om.
909 4150 943 4203 F¹
1017 4151 1029 4205 l
1050 4152 1079 4204 ia
1095 4150 1218 4204 hommes
1240 4150 1267 4203 in
1286 4164 1343 4202 rao.
1362 4147 1386 4199 iu

218 4235 250 4300 F,
267 4237 422 4308 bommetp
511 4246 540 4296 13
558 4242 651 4311 plranl
667 4241 695 4295 F
781 4246 808 4295 15
828 4240 940 4298 abrectlr
957 4274 966 4294 a
986 4243 1017 4308 F,
1035 4243 1192 4313 abreptus
1283 4243 1313 4294 ts
1332 4239 1386 4293 ica·

217 4326 307 4396 pulam
326 4336 355 4383 ut
371 4332 429 4385 uid.
447 4332 488 4398 F¹,
508 4335 665 4404 scapulalp
754 4340 786 4389 20
804 4330 833 4389 ta
850 4336 890 4390 sic
907 4336 950 4404 Fu
