2934 4900
166 264 227 327 210
682 277 775 325 maru
795 276 853 324 xr'

165 432 244 522 bula
264 436 449 497 senatorem
471 430 624 512 fecerant,
646 428 731 495 alius
754 429 857 495 soccis
879 429 1043 501 obauratis
1072 427 1204 495 indutus
1227 426 1337 495 serica

141 530 257 609 'ueste
293 540 474 625 mundoque
510 542 652 625 pretioso
679 547 712 605 et
739 539 880 607 adtextis
908 541 1007 625 capiti
1029 540 1173 606 crinibus
1202 538 1336 605 incessu

165 651 288 737 perfluo
309 652 461 718 feminam
483 650 703 717 mentiebatur.
748 670 845 733 porro
873 650 972 715 alium
994 651 1097 716 ocreis
1127 655 1216 717 scuto
1237 649 1338 732 galea

164 765 313 845 ferroque
334 762 494 845 insignem
516 781 535 828 e
556 760 632 826 ludo
664 767 795 844 putares
823 759 1014 845 gladiatorio
1043 759 1228 845 procedere.
1272 776 1337 843 nec

166 873 222 939 ille
243 872 355 938 deerat
375 872 430 956 qul
458 871 680 955 magistratum
695 919 698 924 ,
712 870 854 938 fascibus
884 890 1089 956 purpuraque
1117 872 1245 938 luderet
1270 888 1336 935 nec
1358 884 1377 935 5

165 984 221 1068 qui
241 982 342 1067 pallio
363 981 542 1066 baculoque
556 989 589 1047 et
610 981 723 1047 baxeis
739 986 771 1047 et
792 980 916 1047 hircino
938 982 1076 1047 barbitio
1098 980 1332 1065 philosophum

165 1093 299 1178 fingeret
319 1110 380 1159 uec
395 1092 449 1177 qui
464 1091 602 1159 diuersis
625 1090 861 1159 harundinibus
882 1092 964 1157 alter
977 1111 1135 1177 aucupem
1150 1110 1223 1157 cum
1238 1092 1332 1157 uisco

163 1206 245 1270 alter
265 1203 459 1287 piscatorem
481 1221 552 1266 cum
574 1201 679 1269 hamis
699 1190 876 1269 induceret.
909 1202 976 1269 uidi
991 1210 1024 1269 et
1038 1224 1146 1269 ursam
1161 1221 1335 1269 mansuem

163 1316 248 1380 cultu
270 1312 452 1394 matronali,
475 1313 557 1378 sella
578 1311 765 1394 uehebatur,
788 1319 821 1379 et
843 1314 969 1380 simiam
980 1304 1205 1399 pilleo'textili
1227 1330 1338 1377 croco-

163 1425 271 1509 tisque
292 1422 444 1507 Phrygiis
459 1422 611 1489 Catamiti
631 1423 772 1506 pastoris
794 1423 902 1506 specie
916 1444 1050 1491 ameum
1070 1430 1250 1508 gestantem
1273 1442 1335 1507 po·
1359 1430 1397 1480 10

166 1536 272 1600 culum
287 1540 318 1599 et
339 1533 466 1599 asinum
480 1533 591 1618 pinnis
606 1533 817 1617 adglutinatis
831 1533 1093 1605 adambulantem
1108 1533 1236 1600 cuidam
1259 1534 1337 1599 seni

166 1644 265 1711 debili
293 1650 328 1709 ut
358 1644 449 1708 illum
481 1643 610 1728 quidem
632 1644 928 1729 Bellerophontem,
961 1646 1047 1711 hunc
1075 1651 1182 1711 autem
1201 1643 1334 1711 diceres

99 1795 103 1803 ·
166 1757 335 1839 Pegasum,
358 1760 466 1818 tamen
487 1753 610 1819 rideres
631 1759 810 1838 utrumque.

48 1858 144 1924 VIIII
251 1866 339 1929 lnter
359 1862 421 1929 has
442 1864 670 1931 oblectationes
698 1864 839 1933 ludicras
867 1850 1070 1952 popularium
1098 1885 1181 1951 quae
1209 1864 1337 1950 passim

165 1974 367 2059 uagabantur
388 1974 453 2057 iam
469 1974 682 2059 sospitatricis
697 1974 779 2041 deae
799 1976 972 2061 peculiaris
992 1994 1112 2062 pompa
1133 1975 1337 2041 moliebatur.
1361 1987 1394 2036 15

165 2086 317 2151 mulieres
337 2083 475 2149 candido
505 2085 712 2168 splendentes
743 2086 941 2170 amicimine,
974 2087 1063 2152 uario
1092 2087 1249 2151 laetantes
1281 2105 1341 2169 ge-

167 2197 314 2277 stamine,
336 2213 438 2259 uerno
458 2194 610 2262 florentes
632 2197 837 2263 coronamine
859 2195 998 2281 quaeda
1019 2197 1142 2281 grando
1163 2216 1222 2282 per
1241 2197 1336 2261 uiam
1395 2222 1401 2233 ¹

61 2342 67 2355 ·
165 2327 230 2391 qua
241 2325 333 2375 sacer
346 2304 515 2371 incedebat
525 2306 692 2373 comitatus
704 2308 807 2373 solum
817 2308 1005 2375 sternebant
1019 2307 1169 2385 flosculis,
1185 2306 1338 2390 aliaeque

95 2419 97 2422 ’
135 2477 139 2483 .
165 2417 342 2484 nitentibus
364 2416 503 2500 speculis
524 2436 610 2500 pone
631 2423 756 2504 tergum
778 2418 919 2485 reuersis
934 2418 1077 2486 uenienti
1099 2416 1181 2486 deae
1202 2417 1338 2484 obuium

166 2534 453 2594 commonstrarent
474 2527 662 2612 obsequium
685 2536 716 2594 et
746 2548 829 2613 quae
850 2530 994 2614 pectines
1023 2530 1162 2596 eburnos
1192 2529 1337 2596 terentes
1359 2544 1396 2595 to

165 2648 260 2724 gestu
280 2638 484 2705 brachiorum
512 2636 661 2721 flexuque
682 2638 856 2722 digitorum
879 2647 1026 2706 ornatum
1048 2646 1146 2724 atque
1168 2639 1333 2723 obpexum

166 2747 300 2814 crinium
328 2748 485 2834 regalium
506 2747 684 2838 fingerent,
695 2749 772 2815 illae
794 2750 892 2815 etiam
914 2769 997 2835 quae
1020 2751 1135 2816 ceteris
1157 2749 1333 2832 unguentis

166 2866 199 2926 et
228 2860 349 2943 geniali
385 2859 532 2925 balsamo
567 2860 715 2942 guttatim
745 2879 879 2926 excusso
907 2861 1165 2946 conspargebant
1194 2861 1334 2945 plateas.

166 2990 302 3054 magnus
324 2976 494 3053 praeterea
516 2987 615 3037 sexus
637 2970 801 3054 utriusque
816 2991 969 3040 numerus
990 2971 1129 3038 lucernis
1152 2970 1256 3036 taedis
1279 2989 1334 3034 cc-

165 3082 230 3147 reis
253 3087 286 3147 et
307 3081 372 3146 alio
393 3099 511 3164 genere
532 3080 650 3145 tactum
672 3079 812 3160 [lumine]
836 3081 978 3147 siderum
993 3081 1178 3148 caelestium
1194 3081 1331 3162 stirpem
1359 3089 1394 3139 25

165 3191 387 3276 propitiantes.
424 3189 636 3275 symphoniae
650 3190 768 3255 dehinc
783 3208 911 3271 suaues,
932 3191 1060 3259 fistulae
1082 3192 1245 3275 tibiaeque
1259 3210 1330 3254 mo-

166 3300 251 3366 dulis
273 3300 469 3367 dulcissimis
490 3300 719 3384 personabant.
743 3320 801 3367 eas
823 3320 979 3370 amoenus
999 3302 1194 3368 lectissimae
1214 3301 1334 3367 iuuen-

165 3411 242 3477 tutis
264 3418 355 3478 ueste
381 3411 479 3476 niuea
505 3417 538 3477 et
566 3411 732 3476 cataclista
766 3411 953 3496 praenitens
989 3413 1183 3498 sequebatur
1216 3409 1336 3502 chorus

166 3539 296 3587 carmen
326 3527 495 3587 uenustum
531 3521 686 3588 iterantes
718 3501 804 3607 quod
832 3520 1045 3590 Camenarum
1078 3523 1190 3588 lauore
1218 3522 1336 3588 sollers

167 3637 263 3715 poeta
284 3629 467 3698 modulatus
489 3631 643 3714 edixerat,
667 3631 753 3717 quod
775 3641 998 3716 argumentum
1020 3632 1181 3699 referebat
1201 3632 1334 3698 interim
1358 3643 1394 3694 30

167 3740 321 3804 maiorum
343 3747 626 3807 antecantamenta
646 3750 802 3808 uotorum.
846 3743 938 3810 ibant
956 3741 992 3811 'et
1013 3743 1111 3808 dicati
1134 3763 1252 3827 magno
1275 3743 1336 3809 Sa-

166 3851 237 3935 rapi
258 3850 407 3918 tibicines
429 3854 482 3935 qui
505 3873 564 3938 per·
585 3852 724 3918 oblicum
752 3855 909 3919 calamum
937 3854 980 3920 ad
1008 3873 1119 3920 aurem
1148 3859 1335 3936 porrectum

166 4019 471 4033 ——.-.-.

236 4121 353 4175 tloocrl
366 4122 421 4192 sp.-
448 4124 522 4176 occrl
537 4125 562 4175 F
662 4123 765 4185 mduct3
783 4124 828 4192 Fp
931 4085 1051 4194 icaprti
1066 4124 1098 4189 F,
1117 4125 1243 4190 caprice
1323 4126 1340 4174 5

165 4213 246 4276 facrb;
264 4213 308 4282 Fp
393 4215 537 4285 dhyrcmo
554 4216 583 4269 F
666 4221 696 4270 10
713 4215 807 4287 lrygrrl
822 4216 851 4272 F
931 4220 963 4271 25
981 4213 1055 4272 factis
1079 4217 1177 4272 lumme
1194 4235 1214 4285 φ
1234 4220 1269 4280 et,
1287 4214 1338 4268 ad-

166 4304 224 4360 dito
241 4307 269 4359 ia
291 4309 414 4379 margine
430 4307 497 4362 factr
519 4307 633 4375 lumrnrl,
651 4309 689 4376 F,
711 4310 811 4365 lumine
833 4310 934 4366 deleuit
956 4309 1105 4366 Vulcanius
1199 4304 1295 4380 lyderh
1315 4308 1346 4363 F

167 4401 200 4451 26
218 4383 381 4474 liphoqu
447 4400 547 4471 tyhreq
565 4402 593 4456 F
673 4406 705 4458 tt
724 4417 812 4474 amem
830 4405 855 4455 F
927 4409 959 4460 28
978 4403 1142 4475 cathaclylta
1160 4403 1189 4460 F
