2934 4900
240 236 300 297 100
749 245 842 291 amer
862 244 900 290 vr

243 403 348 467 leonis
371 401 460 465 caelo
482 405 712 466 commeantem
734 399 884 485 percolit,
909 399 1022 464 beatas
1044 398 1140 464 sedes
1162 398 1358 480 frequentas
1386 430 1415 439 -

243 513 314 580 siue
336 530 437 596 prope
459 512 547 596 ripas
569 509 681 575 Inachi
703 511 813 594 quite
836 510 901 573 iam
930 515 1063 594 nuptam
1085 508 1244 572 Tonantis
1272 512 1307 571 et
1338 504 1418 588 regi·
1454 506 1455 539 r

244 643 320 688 nam
343 622 476 687 dearum
498 628 667 703 memorat,
696 621 816 686 inclitis
838 619 1030 704 Argiuorum
1051 618 1222 704 praesides
1245 619 1416 684 moenibus

244 771 283 780 -—
308 753 404 816 quarn
426 740 558 798 cunctus
580 731 689 797 oriens
710 731 847 815 Zygiam
878 739 1049 796 ueneratur
1077 737 1109 795 et
1137 731 1243 795 omnis
1265 729 1416 794 occidens

246 844 401 909 Lucinam
423 843 582 928 appellat:
620 842 667 907 sis
700 841 782 907 meis
815 841 967 906 extremis
1001 841 1132 907 casibus
1162 842 1245 906 Iuno
1282 839 1438 924 Sospita⁵

247 972 362 1035 meque
383 955 417 1017 in
435 953 534 1018 tantis
549 951 724 1018 exantlatis
746 952 913 1018 laboribus
929 951 1090 1017 defessam
1113 952 1312 1016 imminentis
1336 951 1416 1032 peri-

246 1064 310 1129 culi
330 1070 416 1128 metu
438 1063 550 1128 libera.
574 1061 660 1145 quod
682 1061 784 1127 sciam
802 1062 887 1128 soles
909 1062 1142 1145 praegnatibus
1157 1061 1415 1147 periclitantibus
1428 1062 1456 1151 ll¹

243 1176 326 1240 ultro
349 1163 546 1239 subuenire‘

328 1283 379 1349 Ad
401 1284 498 1348 istum
520 1281 649 1346 modum
672 1282 871 1366 supplicanti
892 1283 1002 1348 statim
1025 1302 1097 1371 sepe
1120 1283 1199 1347 lunc
1222 1302 1295 1346 cunr
1317 1281 1414 1345 totius

243 1396 295 1462 sui
316 1394 458 1460 numinis
486 1398 624 1475 augusta
654 1391 813 1476 dignitate
843 1400 1030 1475 praesentat
1061 1401 1093 1458 et
1124 1394 1270 1478 protinus
1296 1385 1415 1474 ‘quam
1429 1393 1448 1440 ¹⁰

244 1496 378 1571 uellem'
404 1503 508 1586 inquit
526 1495 602 1587 ‘per
629 1502 726 1567 fidem
756 1510 867 1566 nutum
895 1522 1000 1567 meum
1029 1504 1178 1587 precibus
1207 1504 1272 1569 tuis
1293 1521 1414 1566 accom-

246 1615 395 1681 modare!
433 1612 491 1680 sed
524 1620 635 1678 contra
665 1613 864 1678 uoluntatem
886 1613 1030 1695 Veneris,
1066 1634 1164 1680 nurus
1185 1633 1287 1695 meae,
1319 1633 1414 1696 quam

247 1726 334 1791 filiae
356 1744 484 1806 semper
506 1723 606 1788 dilexi
627 1723 713 1804 loco,
743 1729 910 1807 praestare
930 1744 982 1788 me
1004 1724 1109 1808 pudor
1130 1745 1195 1788 non
1217 1724 1304 1791 sinit.
1343 1730 1414 1787 tunc
1456 1742 1457 1761 ¹

247 1837 345 1902 etiam
377 1835 521 1918 legibus,
555 1852 639 1918 quac
673 1851 785 1899 seruos
814 1833 939 1900 alienos
966 1834 1118 1918 perfugas
1141 1835 1253 1900 inuitis
1267 1834 1413 1899 'dominis

247 1953 359 2012 uetant
380 1945 511 2030 suscipi,
531 1935 727 2028 prohibeor.’
1160 1979 1166 1988 ι
1428 1944 1448 1990 u

195 2048 224 2112 V
334 2057 402 2122 Isto
425 2049 553 2138 quoque
581 2055 727 2119 fortunae
759 2054 929 2137 naufragio
951 2055 1078 2139 Psyche
1099 2055 1269 2140 perterrita
1290 2074 1351 2119 nec
1372 2057 1413 2120 in-

243 2166 360 2251 dipisci
382 2165 447 2230 iam
468 2165 617 2229 maritum
639 2153 803 2230 uolatilem
828 2164 942 2248 quiens
963 2174 1030 2242 tota
1053 2186 1111 2250 spe
1133 2167 1246 2232 salutis
1267 2165 1413 2249 deposita

245 2277 292 2343 sic
324 2277 398 2360 ipsa
433 2295 509 2342 suas
538 2275 749 2357 cogitationes
778 2274 938 2340 consuluit
964 2269 1048 2338 ‘iam
1078 2295 1161 2359 quae
1189 2284 1324 2361 possunt
1352 2276 1413 2340 alia

246 2387 328 2452 meis
350 2385 512 2453 aerumnis
534 2385 684 2469 temptari
707 2385 759 2448 uel
782 2384 931 2450 adhiberi
961 2385 1108 2453 subsidia
1130 2386 1180 2451 cui
1203 2406 1261 2453 nec
1283 2386 1413 2453 dearum

245 2496 375 2579 quidem
408 2516 603 2580 quamquam
632 2496 810 2561 nolentium
846 2502 1018 2580 potuerunt
1053 2498 1208 2583 prodesse
1238 2498 1412 2582 suffragia?
1426 2500 1448 2547 '2⁰

246 2627 398 2691 quorsum
419 2606 528 2689 itaque
550 2606 649 2671 tantis
672 2607 799 2689 laqueis
821 2607 947 2673 inclusa
969 2608 1144 2692 uestigium
1165 2608 1327 2693 porrigam
1350 2607 1413 2690 qui-

246 2718 372 2797 busque
393 2716 486 2781 tectis
508 2716 562 2781 uel
589 2716 688 2781 etiam
723 2716 866 2783 tenebris
899 2718 1090 2784 abscondita
1119 2738 1258 2802 magnae
1279 2718 1411 2782 Veneris

245 2826 451 2892 ineuitabilcs
484 2828 593 2891 oculos
626 2825 802 2909 effugiam?
839 2828 916 2909 quin
948 2828 1045 2911 igitur
1075 2830 1253 2895 masculum
1286 2826 1410 2892 tandem

244 2937 346 3004 sumis
374 2938 517 3001 animum
546 2946 578 3002 et
606 2955 719 3003 cassae
748 2938 900 3019 speculae
929 2941 1095 3005 renuntias
1125 2940 1248 3005 fortiter
1270 2944 1301 3003 et
1322 2938 1411 3001 ultro·

242 3068 339 3113 neam
360 3054 391 3113 te
414 3047 564 3113 dominae
586 3052 660 3112 tuae
682 3046 792 3113 reddis
814 3055 846 3111 et
867 3048 920 3123 uel
949 3068 1023 3114 sera
1045 3049 1205 3116 modestia
1233 3049 1410 3116 saeuientes
1424 3054 1448 3102 2⁵

244 3158 383 3242 impetus
407 3158 476 3223 eius
498 3157 650 3241 mitigas?
673 3157 728 3240 qui
751 3157 836 3223 scias
859 3178 902 3221 an
924 3158 1031 3237 etiam,
1055 3179 1150 3244 quem
1174 3159 1230 3227 diu
1243 3160 1408 3244 quaeritas,

244 3267 312 3331 illic
339 3266 373 3331 in
403 3266 497 3332 domo
525 3267 636 3333 matris
664 3260 869 3352 repperiesl¹
910 3270 957 3335 sic
985 3269 1028 3334 ad
1056 3269 1189 3335 dubium
1217 3269 1407 3353 obsequium,

249 3378 346 3441 immo
369 3376 412 3441 ad
432 3382 553 3441 certum
568 3376 701 3442 exitium
723 3385 921 3461 praeparata
942 3380 1135 3465 principium
1159 3381 1285 3446 futurae
1308 3398 1408 3446 secum

169 3489 171 3493 '
250 3486 467 3551 meditabatur
488 3486 731 3552 obsecrationis.
1290 3506 1297 3513 ·

183 3592 230 3657 VI
335 3598 377 3661 At
400 3595 508 3661 Venus
531 3596 667 3661 terrenis
696 3597 848 3663 remediis
878 3600 1098 3683 inquisitionis
1127 3602 1273 3667 abnuens
1295 3599 1407 3665 caelum
1423 3596 1450 3644 ³⁰

250 3707 339 3793 petit.
362 3706 450 3771 iubet
472 3692 613 3773 construi
641 3725 776 3788 currum,
801 3728 897 3790 quem
920 3710 951 3775 ei
974 3710 1137 3777 Vulcanus
1160 3712 1287 3777 aurifex
1308 3706 1406 3776 subtili

250 3816 373 3883 fabrica
395 3815 538 3883 studiose
560 3818 718 3903 polluerat
740 3822 772 3883 et
794 3825 874 3891 ante
896 3819 1031 3885 thalami
1046 3822 1261 3887 rudimentum
1276 3816 1407 3903 nuptiale

250 3948 366 3993 munus
402 3926 569 4011 obtulerat,
603 3928 701 3993 limae
733 3930 897 3995 tenuantis
930 3929 1123 3997 detrimento
1153 3933 1353 4016 conspicuum
1376 3930 1407 3988 et

246 4100 250 4105 Ι
317 4136 463 4202 tfeuefF,
482 4098 591 4204 feudfp
660 4140 817 4193 3membuf
832 4140 861 4195 F
941 4138 1083 4210 421ng
1165 4141 1313 4213 ‘lpgnatrb3
1329 4132 1406 4193 sicF.

249 4255 435 4327 pignantrb3q
512 4253 719 4322 219ad1berrd',
738 4208 889 4327 aldiberrp
956 4262 1056 4316 necata
1064 4260 1108 4329 Fp
1178 4264 1211 4314 20
1228 4271 1370 4331 quanquam
1384 4253 1411 4306 F

253 4377 283 4426 21
304 4373 429 4443 quorsum
446 4370 600 4429 Mercerus:
615 4335 710 4447 qnonib
725 4374 755 4431 F
821 4380 852 4430 at
870 4376 986 4446 dluch
1051 4384 1082 4433 31
1098 4380 1181 4434 eftrm
1194 4377 1406 4445 sr'cldcdiw
