2934 4900
123 245 187 307 220
634 260 727 308 cmm
748 261 786 307 xr

123 417 198 477 tuno
219 412 351 479 semotis
372 412 483 498 procul
505 412 650 497 profanis
670 412 818 477 omnibus
845 411 945 479 linteo
973 410 1110 497 rudique
1138 433 1190 480 me
1221 433 1297 479 oon·

109 528 240 587 tectum
261 522 445 589 amicimine
466 529 597 607 arrepta
618 542 715 588 mann
738 520 888 589 sacerdos
903 519 1031 589 deducit
1053 522 1096 589 ad
1118 524 1221 608 ipsius
1243 545 1295 591 sa·

123 631 220 697 erarii
241 633 431 717 penetralia.
474 652 612 715 quaeras
633 632 768 701 forsitan
796 633 877 699 satis
905 634 1003 699 anxie
1030 633 1174 701 studiose
1195 637 1295 701 lector

124 737 202 827 qnid
217 742 343 809 ‘deinde
363 742 482 812 diotrm
504 742 582 825 qnid
602 743 737 809 factum:
761 741 900 811 dicerem
923 742 951 811 si
973 742 1080 811 dicere
1101 745 1221 828 liceret,
1244 764 1294 811 co

122 872 295 936 gnosceres
322 853 352 920 si
378 856 490 921 liceret
521 852 642 919 audire.
685 853 753 920 ‘sed
779 872 891 938 parem
919 874 1038 921 noxam
1067 855 1330 922 contraherent5
1393 908 1397 917 .

123 982 219 1030 aures
247 971 278 1029 et
304 963 435 1049 linguae
462 964 540 1030 illae
566 965 758 1030 temerariae
786 964 990 1031 curiositatis.
1035 984 1095 1032 nec
1124 972 1155 1031 te
1184 971 1293 1031 tamen

122 1073 283 1141 desiderio
305 1074 438 1141 sarnitan
460 1074 613 1158 religioso
632 1094 824 1159 suspensum
846 1084 969 1158 angore
991 1075 1115 1144 diutino
1131 1074 1290 1142 cruciabo.

122 1184 219 1267 igitur
240 1184 318 1250 audi
340 1183 399 1251 sed
421 1183 517 1250 crede
538 1204 621 1267 quae
643 1204 721 1251 uera
744 1191 828 1251 sunt.

206 1294 338 1363 Accessi
359 1294 532 1361 confinium
553 1294 665 1361 mortis
686 1302 720 1361 et
732 1295 856 1359 calcato
870 1284 1087 1379 Proserpinae
1107 1295 1218 1362 limine
1233 1316 1291 1382 per

121 1406 232 1471 omnia
245 1411 356 1473 uectus
371 1406 532 1473 elementa
545 1406 698 1486 romeam,
720 1411 813 1505 nocte
828 1402 937 1471 media
952 1403 1021 1471 uidi
1036 1406 1136 1475 solem
1151 1405 1292 1475 candido
1313 1417 1345 1467 10

121 1524 339 1583 coruscantem
360 1516 493 1599 lumine,
516 1515 594 1583 deos
608 1515 729 1581 inferos
752 1521 785 1582 et
796 1513 875 1581 deos
897 1532 1029 1600 superos
1044 1516 1166 1583 accessi
1182 1536 1292 1583 coram
1311 1524 1390 1589 [269]

122 1634 155 1693 et
176 1626 311 1692 adoraui
333 1624 374 1691 de
394 1646 560 1711 proxumo.
603 1644 677 1692 ecce
692 1625 752 1691 tibi
774 1624 882 1691 rettuli
905 1644 988 1711 quae
1011 1627 1158 1709 quamuis
1179 1626 1293 1694 audita

120 1737 250 1821 ignores
271 1744 381 1802 tamen
401 1756 535 1803 necesse
557 1743 615 1803 est.
659 1756 736 1820 ergo
760 1733 846 1820 quod
873 1737 976 1803 solum
1005 1742 1110 1819 potest
1131 1737 1202 1831 sine
1223 1716 1294 1822 pia-

12 1846 99 1911 :1111
120 1849 192 1914 culo
220 1847 264 1915 ad
297 1847 503 1939 profanorum
531 1847 770 1930 intellegentias
804 1846 966 1929 enuntiari
999 1847 1145 1913 referam.
1197 1866 1294 1913 mane

120 1935 239 2023 lactum
261 1965 311 2025 est
331 1964 364 2023 et
384 1957 534 2043 perfectis
555 1956 767 2025 sollemnibus
793 1956 934 2041 processi
957 1954 1124 2023 duodecim
1147 1963 1293 2023 sacratus
1316 1970 1350 2019 rs

121 2068 347 2171 stolishabitu
368 2067 497 2150 quidem
519 2068 669 2152 religioso
688 2068 778 2150 satis,
802 2065 860 2133 sed
883 2066 974 2133 effari
989 2066 1030 2133 de
1053 2086 1090 2132 eo
1113 2066 1201 2133 nullo
1223 2068 1293 2135 uin·

120 2180 192 2247 culo
213 2179 385 2263 prohibeor
418 2178 536 2263 quippe
565 2177 651 2261 quod
678 2184 754 2243 tunc
781 2178 935 2262 temporis
963 2176 1075 2244 nidere
1102 2185 1293 2262 praesentes

120 2290 259 2375 plurimi.
302 2308 442 2373 namque
471 2288 505 2353 ln
534 2289 604 2372 ipso
633 2285 724 2354 aedis
752 2306 865 2355 sacrae
893 2286 1071 2353 meditullio
1106 2294 1181 2353 ante
1209 2286 1294 2355 deae

119 2392 551 2468 simulacrum'constitntum
572 2398 713 2466 tribunal
735 2398 879 2483 ligneum
901 2398 1009 2466 iussus
1032 2397 1196 2483 superstiti
1218 2398 1294 2485 bys-

120 2513 193 2577 sina
214 2509 343 2595 quidem
365 2509 423 2576 sed
449 2508 563 2576 flenda
590 2509 718 2594 depicta
746 2516 837 2575 ueste
865 2507 1067 2593 conspicuus.
1112 2515 1145 2575 et
1171 2510 1293 2578 umeris
1313 2529 1351 2580 20

119 2620 325 2706 dependebat
339 2640 423 2704 pone
437 2626 562 2703 tergum
576 2621 713 2684 talorum
727 2625 821 2686 tenus
836 2609 985 2703 pretiosa'
995 2618 1177 2704 chlamyda,
1213 2639 1293 2704 qua-

120 2727 185 2815 qua
204 2738 313 2798 tamen
328 2731 460 2812 uiseres,
483 2730 590 2796 colore
610 2729 700 2795 uario
715 2729 955 2796 circumnotatis
974 2729 1155 2814 insignibar
1169 2731 1293 2797 anima-

27 2849 32 2860 ·
117 2842 219 2923 libns3
248 2841 323 2906 bino
349 2840 507 2907 dracones
526 2839 648 2922 Indici,
675 2839 754 2906 inde
781 2859 900 2925 grypes
922 2839 1124 2924 Hyperborei
1153 2860 1234 2922 quos
1256 2841 1292 2908 in

120 2951 262 3037 speciem
282 2951 438 3036 pinnatae
458 2951 546 3018 alitis
567 2956 703 3034 generat
723 2948 861 3015 mundus
883 2950 975 3016 alter.
1020 2949 1104 3016 banc
1126 2949 1293 3036 Olympia-

119 3082 189 3128 cam
211 3063 328 3129 stolam
342 3062 461 3128 sacrati
481 3067 678 3146 nuncupant.
715 3066 749 3126 at
769 3079 868 3125 manu
883 3059 1017 3126 dextera
1031 3059 1184 3143 gerebam
1201 3058 1291 3126 flam·
1310 3085 1350 3136 25

119 3173 181 3238 mis
207 3172 350 3239 adultam
378 3173 482 3238 facem
510 3178 542 3237 et
569 3177 666 3256 capnt
692 3167 808 3236 dacore
836 3189 954 3236 corona
989 3169 1135 3238 cinxerat
1160 3171 1292 3257 palmae

118 3282 279 3350 candidae
299 3283 384 3350 foliis
398 3283 433 3349 in
454 3280 584 3347 modum
603 3280 765 3346 radiorum
780 3280 1039 3363 presistentibus.
1069 3281 1115 3346 sic
1130 3279 1292 3348 adinstar

118 3393 204 3458 Solis
233 3400 386 3459 exornato
413 3398 445 3457 et
472 3393 506 3456 in
527 3390 631 3456 uicem
660 3389 823 3457 simulacri
852 3390 1022 3456 constituto
1050 3397 1184 3474 repente
1206 3391 1290 3455 uelis

21 3589 24 3596 Ι
78 3552 81 3557 ‚
117 3503 259 3570 reductis
280 3503 314 3568 in
335 3508 499 3587 aspectum
521 3502 660 3586 populus
681 3500 817 3566 errabat.
862 3499 979 3567 exhinc
1007 3500 1216 3567 festissimum
1239 3517 1289 3566 ce-

117 3613 242 3679 lebraui
264 3613 405 3678 natalem
428 3632 591 3679 sacrorum
613 3618 645 3676 et
665 3629 783 3677 suanos
806 3611 920 3695 epulae
948 3617 979 3675 et
1000 3610 1104 3675 faceta
1126 3609 1286 3676 conuiuia.
1307 3631 1348 3682 aa

117 3723 189 3790 dies
211 3724 309 3788 etiam
330 3722 443 3789 tertius
463 3722 535 3806 pari
557 3721 824 3788 caerimoniarum
846 3720 909 3786 ritu
931 3719 1111 3786 celebratus
1134 3726 1165 3785 et
1185 3718 1289 3784 ienta-

115 3835 219 3898 culum
243 3833 430 3917 religiosum
453 3839 485 3899 et
505 3833 622 3898 teletae
643 3830 789 3915 legitima
811 3830 1054 3897 consummatio.
1097 3829 1210 3915 paucis
1232 3826 1287 3895 de-

182 4099 196 4148 3
216 4111 233 4149 a
250 4094 273 4162 Q
291 4095 318 4148 rit
343 4091 492 4164 penetraha
515 4090 618 4162 Queat
639 4093 668 4146 ia
684 4106 786 4145 rasrrro
808 4092 826 4144 3
848 4090 932 4144 aedi
950 4090 1101 4150 litterarum
1124 4105 1142 4143 a
1165 4088 1289 4144 sewada

113 4205 195 4243 marcu
212 4189 316 4258 scepta
334 4190 362 4242 ia
379 4187 418 4252 F,
443 4185 594 4253 penetralia
608 4226 614 4238 .
636 4185 734 4254 querat
750 4203 770 4253 φ
869 4188 884 4236 5
903 4183 1029 4239 etrahent
1045 4213 1056 4236 s
1072 4214 1083 4236 0
1101 4183 1169 4254 (salt
1186 4182 1287 4253 opinor

113 4286 137 4346 e)
154 4280 186 4345 F,
204 4278 379 4335 connahente
396 4300 417 4349 φ
492 4283 522 4332 21
543 4277 677 4334 chlamida
692 4278 722 4333 F
797 4281 828 4333 23
846 4277 958 4348 ypborer
974 4275 1003 4330 F
1072 4280 1105 4330 24
1123 4262 1247 4344 olipracd
1263 4273 1298 4329 F

113 4403 145 4453 25
164 4398 199 4454 ad
216 4398 245 4453 F
330 4401 363 4451 28
382 4393 514 4453 exornatd
533 4397 591 4466 F¹p
660 4401 693 4451 29
712 4357 806 4452 edebat
823 4397 852 4452 F
