2934 4900
225 186 265 248 80
741 203 835 250 urum
855 204 879 250 v

224 349 392 416 mirificum
415 351 500 436 quod
522 354 609 418 nullo
631 331 770 436 uinculo,
804 356 891 420 nullo
914 356 1061 436 claustro,
1090 357 1178 420 nullo
1200 356 1335 422 custode
1356 362 1395 420 to

224 462 287 526 tius
320 461 408 528 orbis
438 463 631 530 thensaurus
660 465 714 530 ille
749 466 959 531 muniebatur.
1003 466 1085 532 haec
1114 467 1143 532 ei
1172 487 1300 532 summa
1328 487 1393 532 eum

224 573 391 655 uoluptate
414 572 532 639 uisenti
561 573 653 639 offert
684 593 756 642 sese
783 596 848 641 uox
867 575 1029 661 quaedam
1058 577 1201 661 eorporis
1230 577 1280 642 sui
1310 578 1392 643 nuda

224 689 255 746 et
280 675 379 765 ‘quid’
411 683 515 768 inquit
540 677 683 750 ‘domina
718 685 817 757 tantis
846 687 1050 771 obstupescis
1077 686 1214 772 opibus?
1239 695 1297 754 tua
1325 696 1392 754 sunt

223 791 304 856 haec
326 793 443 860 omnia.
487 793 623 878 prohinc
645 795 789 861 cubiculo
816 804 848 863 te
876 797 960 864 refer
981 804 1014 863 et
1034 798 1152 863 lectulo
1172 798 1413 865 lassitudinem

223 903 333 970 reloue
356 910 388 968 et
409 925 450 970 ex
471 905 604 970 arbitrio
619 906 784 973 laneorum
805 914 888 993 pete.
927 928 986 974 nos
1002 928 1139 992 quarum
1153 928 1249 976 uoces
1264 911 1388 994 accipis,

125 1055 130 1067 t
223 1017 297 1078 tuae
319 1012 459 1082 famulae
482 1014 595 1081 sedulo
617 1017 675 1080 tibi
698 1017 1033 1101 praeministrabimus
1054 1039 1113 1086 nec
1142 1020 1284 1104 eorporis
1308 1039 1389 1086 eura-

223 1128 274 1188 tae
296 1123 355 1188 tibi
377 1127 504 1209 regales
527 1127 643 1209 epulae
665 1120 893 1194 morabuntur?

154 1237 203 1302 Ill
312 1234 423 1300 Sensit
443 1235 569 1321 Psyche
592 1237 723 1304 diuinae
744 1237 968 1322 prouidentiae
990 1239 1222 1306 beatitudinem
1243 1242 1387 1306 monitus·
1400 1258 1436 1323 [lu

154 1419 159 1430 ¹
224 1361 286 1427 que
314 1364 409 1410 uoces
438 1347 589 1414 informes
616 1347 753 1415 audiens
780 1357 811 1414 et
843 1349 933 1433 prius
963 1371 1074 1417 somno
1103 1357 1134 1417 et
1161 1371 1237 1416 mox
1264 1351 1386 1416 lauacro
1401 1363 1421 1412 u

179 1451 183 1485 ⁸
222 1454 446 1537 fatigationem
474 1458 524 1524 sui
553 1458 660 1544 diluit,
695 1461 832 1543 uisoque
863 1462 971 1527 statim
998 1462 1146 1545 proximo
1174 1462 1385 1528 semirotundo

182 1638 185 1658 Ι
223 1571 377 1648 suggestu
407 1577 539 1655 propter
566 1573 813 1637 instrumentum
845 1572 1046 1660 ¹cenatorium
1074 1578 1148 1636 rata
1174 1572 1306 1638 refectui
1334 1592 1385 1639 suo

222 1683 424 1750 commodum
445 1684 551 1749 libens
573 1682 742 1748 accumbit.
787 1688 819 1747 et
839 1681 913 1747 ilico
936 1682 1005 1746 uini
1025 1665 1176 1747 nectarei
1189 1682 1384 1767 eduliumque

222 1795 385 1860 uariorum
412 1794 534 1859 fercula
562 1795 695 1878 eopiosa
723 1793 812 1857 nullo
848 1793 1009 1858 seruiente
1041 1792 1100 1858 sed
1128 1799 1250 1858 tantum
1279 1795 1384 1877 spiritu

223 1903 361 1988 quodam
388 1905 529 1988 impulsa
556 1904 848 1968 subministrantur.
892 1922 953 1967 nee
980 1922 1172 1986 quemquam
1200 1911 1307 1969 tamen
1333 1903 1384 1968 illa
1399 1905 1417 1950 u

222 2015 332 2082 uidere
354 2021 482 2100 poterat
503 2013 560 2080 sed
582 2014 681 2080 uerba
709 2019 835 2077 tantum
856 2012 1010 2078 audiebat.
1039 2013 1224 2079 excidentia
1251 2022 1282 2080 et
1303 2015 1382 2081 solas

220 2144 316 2191 uoces
338 2125 477 2190 famulas
499 2124 650 2190 habebat.
694 2129 767 2208 post
788 2122 912 2206 opimas
935 2122 1036 2207 dapes
1059 2122 1189 2208 quidam
1211 2124 1382 2190 introcessit

218 2241 248 2300 ct
270 2236 413 2301 cantauit
434 2235 559 2302 inuisus
582 2241 614 2301 et
646 2234 729 2300 alius
751 2233 909 2298 citharam
937 2235 1080 2317 pulsauit
1108 2254 1192 2318 quae
1220 2234 1382 2300 uidebatur

217 2365 276 2409 uec
298 2347 380 2429 ipsa.
418 2353 493 2410 tune
515 2345 697 2410 modulatae
720 2343 933 2409 multitudinis
955 2345 1099 2410 conferta
1120 2364 1183 2410 uox
1206 2345 1380 2410 eureseim

217 2456 348 2521 affertur
369 2463 412 2538 ut,
436 2457 584 2541 quamuis
599 2457 764 2522 homiuum
777 2476 873 2521 nemo
895 2467 1033 2539 pareret,
1056 2456 1172 2523 chorus
1184 2463 1293 2522 tamen
1316 2473 1380 2521 esse
1394 2461 1415 2509 lt

136 2562 200 2625 llll
220 2573 353 2651 pateret.
398 2567 497 2634 finitis
519 2567 737 2656 uoluptatibus
759 2585 896 2651 uespera
918 2565 1074 2631 suadente
1096 2566 1242 2632 coneedit
1264 2566 1379 2651 Psyche

217 2677 367 2742 cubitum.
405 2680 534 2763 iamque
555 2685 708 2764 prouecta
730 2684 823 2743 nocte
851 2678 991 2741 clemens
1027 2676 1158 2760 quidam
1179 2698 1277 2743 sonus
1297 2694 1378 2742 aures

218 2789 286 2853 eius
308 2788 442 2855 accedit.
479 2801 555 2855 tune
571 2789 748 2873 uirginitati
771 2807 849 2853 suae
870 2807 928 2871 pro
944 2793 1034 2851 tanta
1050 2787 1223 2853 solitudine
1244 2795 1378 2854 metuens

217 2905 315 2981 pauet
336 2906 367 2967 et
388 2900 544 2965 horrescit
559 2906 591 2964 et
606 2899 718 2983 quouis
733 2899 819 2963 malo
835 2898 909 2981 plus
930 2898 1022 2963 timet
1036 2896 1122 2979 quod
1137 2898 1273 2982 ignorat.
1309 2899 1377 2961 iam-

217 3030 278 3093 que
300 3009 412 3076 aderat
440 3010 593 3094 ignobilis
623 3010 756 3075 maritus
778 3014 810 3073 et
831 3015 935 3073 tomm
965 3006 1169 3075 inscenderet
1198 3017 1230 3074 et
1257 3026 1376 3074 uxorem
1391 3014 1412 3063 a

216 3120 278 3183 sibi
300 3121 449 3205 Psychen
471 3121 590 3186 fecerat
612 3128 644 3186 et
665 3127 740 3185 ante
762 3118 842 3183 lucis
867 3125 1011 3183 exortum
1027 3138 1163 3203 propere
1186 3118 1376 3186 discesserat.

217 3230 322 3293 statim
350 3250 446 3299 uoces
470 3232 614 3297 cubiculo
643 3230 860 3315 praestolatae
889 3248 1006 3293 nouam
1035 3236 1167 3313 nuptam
1202 3230 1377 3295 interfectae

216 3339 412 3421 uirginitatis
434 3348 555 3407 curant.
593 3341 673 3407 haec
696 3340 819 3405 diutino
835 3346 978 3423 tempore
999 3339 1045 3404 sic
1065 3340 1254 3423 agebantur.
1291 3346 1376 3422 atque

284 3671 457 3724 ttenlaurul
473 3669 501 3723 F
582 3674 597 3725 3
616 3671 712 3729 nitenti
737 3675 755 3730 tr
773 3671 801 3723 ia
818 3685 872 3723 ras.
890 3670 982 3739 fm'tue
1009 3668 1054 3733 ab
1072 3667 1111 3733 F,
1135 3670 1268 3737 mlentrp
1350 3668 1372 3716 ll

220 3762 394 3817 lemnotondo
414 3765 507 3834 (prior
522 3780 538 3818 o
557 3764 585 3818 in
602 3781 621 3819 u
639 3781 709 3819 corr.
727 3782 745 3817 o
762 3778 817 3818 see.
835 3761 974 3828 mannil*
1057 3766 1087 3815 12
1107 3763 1238 3832 oenaltozt
1256 3762 1287 3826 F,
1305 3774 1373 3815 cem-

216 3860 303 3909 torum
321 3876 340 3925 φ
428 3862 460 3910 14
478 3857 552 3911 nulla
574 3857 606 3922 F,
624 3858 697 3911 nullo
716 3877 735 3926 φ
833 3862 863 3911 16
882 3856 1033 3911 accidentia
1051 3857 1166 3911 sortierit
1182 3855 1323 3917 Heinsius,
1344 3867 1372 3904 err

217 3950 361 4003 excitantia
378 3950 568 4006 scribendum?
656 3954 686 4004 18
705 3951 808 4005 cithara
825 3950 927 4004 ataid.
947 3949 987 4010 F,
1005 3950 1136 4004 citharam
1154 3969 1173 4017 φ
1244 3961 1295 4017 quq
1312 3944 1373 4000 mde-

215 4042 270 4094 bai
287 4059 336 4097 nec
354 4045 411 4111 ipsa
428 4046 468 4099 sie
485 4044 529 4111 qu
600 4048 631 4097 19
649 4043 785 4099 modulate
802 4044 862 4112 Fe:
879 4052 888 4096 i
905 4043 986 4096 modu
1002 4044 1025 4113 s
1087 4043 1166 4095 aurel
1182 4060 1216 4110 p:
1235 4044 1283 4095 aur
1299 4071 1308 4092 .
1324 4069 1332 4090 t
1347 4036 1372 4099 l]

216 4137 362 4206 auribulf
426 4142 608 4191 titularet.
628 4152 709 4190 aratra
728 4138 838 4192 corrice
858 4136 1055 4203 attenderit
1075 4137 1147 4189 etia
1166 4134 1197 4198 F,
1215 4140 1283 4202 uto
1345 4132 1371 4181 2'2

216 4254 322 4307 dement
338 4256 390 4323 Fr,
410 4217 433 4309 oc.
452 4256 566 4309 clement
582 4255 645 4309 edd.
665 4257 692 4309 in
711 4273 835 4326 marae
929 4259 961 4307 23
980 4255 1101 4308 metuens
1117 4270 1154 4309 ex
1166 4259 1251 4325 parte
1267 4249 1372 4308 maluit

216 4347 265 4397 sed
282 4363 334 4399 aron
353 4348 462 4401 uidetur
480 4350 615 4402 mectuenl
631 4364 688 4403 esse
706 4350 733 4401 in
753 4348 782 4400 F
