2934 4900
249 205 308 270 138
593 257 601 274 .
747 219 839 266 nram
859 221 923 268 v111

250 393 320 438 rum
343 349 446 438 inuita
467 371 625 440 remansit
646 372 681 436 in
701 373 779 455 uita,
801 371 897 438 funus
920 393 998 439 uero
1018 379 1085 439 toto
1109 374 1243 440 feralem
1264 392 1422 458 pompam

251 490 466 568 prosequente
488 483 606 568 populo
629 481 798 549 deducitur
819 481 863 549 ad
883 485 1092 568 sepulturam.
1439 480 1459 546 [²

163 573 226 638 VH
334 593 399 660 Sed
420 591 613 678 Thrasyllus
635 593 770 659 nimium
791 594 910 661 nimius
938 596 1079 661 clamare
1106 597 1261 680 plangere
1282 602 1315 661 et
1337 615 1423 679 quas

248 706 282 770 in
304 706 407 788 primo
430 723 575 770 maerore
597 705 748 770 lacrimas
770 725 836 772 non
858 704 1009 785 babebat,
1032 706 1096 771 iam
1118 707 1242 772 scilicet
1255 712 1423 772 crescente

250 815 368 898 gaudio
390 813 528 880 reddere
551 820 582 881 et
603 815 712 880 multis
734 815 879 882 caritatis
907 816 1091 883 nominibus
1113 818 1281 885 ueritatem
1312 817 1450 900 ipsami

249 926 371 991 fallere.
409 925 501 990 illum
530 925 666 991 amicum
689 932 898 992 coaetaneum
920 927 1191 1010 contubernalem,
1215 927 1348 993 fratrem
1371 925 1423 988 de-

251 1037 347 1119 nique
375 1034 490 1103 addito
512 1035 642 1102 nomine
665 1036 800 1120 lugubre
822 1036 918 1119 ciere,
946 1057 1006 1104 nec
1029 1057 1093 1104 non
1121 1038 1281 1104 interdum
1303 1057 1423 1105 manus

252 1147 400 1214 Charites
422 1167 443 1210 a
464 1146 633 1232 pulsandis
656 1147 810 1214 uberibus
832 1168 992 1229 amouere,
1015 1150 1134 1214 luctum
1149 1147 1273 1230 sedare,
1296 1146 1423 1212 heiula-

253 1266 319 1322 tnm
341 1257 524 1334 cohercere,
547 1257 656 1324 uerbis
671 1258 879 1342 palpantibus
902 1259 1065 1325 stimulum
1087 1259 1207 1326 doloris
1230 1257 1421 1336 obtundere,

249 1368 351 1435 uariis
375 1367 531 1452 exemplis
554 1368 722 1452 multiuagi
742 1388 839 1454 *casus
862 1370 985 1436 solacia
1005 1376 1142 1451 nectere,
1165 1369 1289 1434 cunctis
1312 1374 1422 1432 tamen
1438 1369 1460 1418 ¹⁰

162 1565 165 1570 ,
248 1479 402 1545 mentitae
424 1478 556 1564 pietatis
578 1479 693 1544 officiis
723 1478 866 1544 studium
887 1478 1134 1545 contrectandae
1150 1479 1307 1567 ‘mulieris
1330 1477 1422 1541 adhi-

247 1590 324 1655 bere
346 1589 557 1673 odiosumque
579 1608 719 1654 amorem
754 1611 847 1655 snum
876 1610 1046 1675 perperam
1074 1589 1265 1655 delectando
1285 1588 1421 1654 nutrire.

247 1701 306 1766 sed
329 1701 442 1765 officiis
465 1699 667 1766 inferialibus
698 1701 806 1766 statim
838 1701 932 1766 factis
965 1703 1075 1786 puella
1091 1780 1092 1783 Ἴ
1107 1701 1254 1784 protinus
1286 1698 1422 1764 festinat

249 1811 292 1876 ad
314 1811 461 1876 maritum
479 1832 571 1890 suum
587 1808 737 1875 demeare
751 1818 947 1894 cunctasque
968 1832 1099 1895 prorsus
1122 1816 1318 1896 pertemptat
1339 1809 1419 1889 uias,

247 1929 332 1987 certe
354 1923 442 1986 illam
465 1922 571 1986 lenem
601 1922 801 2004 otiosamque
832 1941 894 1986 nec
924 1921 998 1987 telis
1031 1921 1106 1987 ullis
1133 1920 1335 2004 indigentem
1365 1919 1421 1985 sed
1437 1926 1459 1973 15

251 2032 399 2118 placidae
423 2031 523 2114 quieti
544 2032 758 2096 consimilem:
795 2031 904 2096 inedia
934 2032 1073 2115 denique
1101 2033 1220 2098 misera
1241 2038 1274 2098 et
1294 2029 1421 2094 incuria

250 2143 414 2227 squalida.
429 2141 571 2208 tenebris
604 2141 677 2206 imis
707 2142 898 2208 abscondita
928 2143 992 2206 iam
1015 2161 1086 2206 cum
1113 2143 1183 2207 luce
1205 2149 1419 2225 transegerat.
1458 2220 1459 2227 ἵ

249 2255 308 2321 sed
341 2252 533 2337 Thrasyllus
568 2253 725 2318 instantia
758 2253 920 2336 peruicaci
951 2253 1069 2338 partim
1096 2273 1155 2337 per
1183 2261 1285 2319 semet
1312 2254 1420 2336 ipsum
1458 2236 1459 2297 l

249 2365 366 2448 partim
389 2384 447 2448 per
476 2370 599 2430 ceteros
628 2363 806 2429 familiares
835 2383 873 2427 ac
902 2364 1121 2444 necessarios,
1155 2364 1245 2447 ipsos
1280 2363 1420 2448 deniqne
1458 2408 1460 2421 .

247 2476 376 2560 puellae
397 2483 551 2559 parentes
575 2482 742 2557 extorquet
756 2475 885 2540 tandem
907 2476 972 2539 iam
995 2477 1101 2539 lurore
1116 2481 1148 2540 ct
1168 2475 1291 2541 inluuie
1314 2495 1420 2560 paene
1434 2482 1458 2531 2⁰

247 2587 403 2671 conlapsa
425 2586 571 2651 membra
594 2586 733 2665 lauacro,
757 2585 828 2650 cibo
851 2585 990 2669 denique
1013 2586 1205 2651 confoueret.
1228 2592 1262 2649 at
1283 2585 1346 2649 illa
1369 2607 1419 2671 pa·
1457 2661 1458 2674 χ

248 2704 371 2762 rentum
397 2716 523 2763 sucrum
547 2697 690 2779 alioquin
706 2716 858 2761 reuerens
880 2696 983 2759 inuita
1005 2694 1135 2777 quidem
1158 2714 1269 2759 uerum
1292 2696 1420 2780 religio·
1457 2717 1459 2756 r

249 2829 305 2875 sae
341 2808 527 2873 necessitati
549 2807 776 2873 'subcumbens
812 2807 902 2870 uultu
928 2826 993 2872 non
1015 2805 1145 2889 quidem
1174 2805 1278 2869 hilaro
1306 2827 1419 2871 uerum

249 2920 345 3004 paulo
369 2920 532 2985 sereniore
546 2918 670 3000 obiens,
693 2925 727 2983 ut
749 2917 927 2997 iubebatur,
951 2917 1128 2981 uiuentium
1143 2916 1262 2996 munia,
1285 2937 1419 2999 prorsus

215 3030 279 3119 'in
308 3038 445 3113 pectore,
476 3029 572 3093 immo
610 3050 686 3095 uero
708 3029 837 3113 penitus
869 3028 903 3091 in
931 3026 1081 3091 medullis
1104 3027 1189 3092 luctu
1211 3046 1250 3091 ac
1271 3047 1419 3093 maerore
1432 3026 1458 3078 nu

248 3140 401 3223 carpebat
423 3139 565 3204 animum
588 3146 621 3203 et
643 3138 711 3205 dies
734 3144 817 3204 totos
840 3144 988 3221 totasque
1016 3136 1126 3202 nocte's
1160 3136 1348 3202 insumebat
1379 3141 1418 3203 ln-

1318 3341 1372 3381 ubrr

313 3397 326 3443 ἵ
345 3392 458 3459 lugubre
482 3390 515 3445 de
538 3390 617 3463 Rooy
641 3392 778 3464 spicilepii
796 3407 829 3462 p.
855 3392 886 3442 45
910 3390 1067 3458 <lugubriter
1091 3388 1248 3454 Pricaeus:
1274 3390 1417 3458 lugercF¹

245 3485 351 3553 lugubri
369 3505 388 3552 φ
479 3484 654 3539 illectando
679 3486 793 3538 coniecit
818 3482 948 3537 Heinsius
1030 3476 1065 3537 l3
1092 3484 1159 3537 ftatc
1184 3498 1258 3536 more
1283 3484 1416 3551 explicitis

234 3576 359 3633 'corrfecr't
376 3578 506 3632 Heinsius
577 3582 607 3633 16
624 3576 752 3645 rnedralf
835 3581 867 3629 24
885 3577 965 3645 paulo
985 3596 1019 3645 p:
1035 3592 1124 3644 pau—
1142 3576 1167 3626 p
1188 3576 1264 3644 (folii
1281 3577 1332 3628 160
1352 3578 1417 3632 raa-
1454 3593 1455 3640 j

246 3680 304 3725 tera
316 3688 388 3742 pars
412 3673 504 3727 lacera
520 3673 609 3742 sarissa
626 3671 750 3735 ut'dctar,
774 3671 945 3725 membranae
968 3671 1038 3723 euim
1057 3667 1200 3739 particula
1223 3670 1312 3723 aalma
1336 3658 1421 3724 arear?
1454 3733 1456 3748 Ι

247 3766 348 3820 branae
376 3766 542 3835 deglutiente
567 3771 608 3819 est
625 3766 663 3818 ita
689 3770 730 3818 ut
745 3764 850 3835 aliquot
876 3764 960 3818 uerba
971 3764 1122 3833 perierint.-
1147 3762 1256 3831 [aetram
1282 3760 1336 3817 boc
1362 3780 1417 3817 esse
1454 3753 1456 3756 ’

244 3864 308 3913 arete
327 3859 475 3928 codicemp
493 3864 638 3913 exaratam
651 3858 848 3912 demonstrauit
859 3856 964 3911 Kallias
978 3856 1198 3911 obseruationum
1214 3855 1374 3909 cruticmwa
1387 3874 1416 3929 p.
1453 3911 1454 3914 ,

244 3956 277 4005 77
285 3956 338 4024 sq.)
408 3952 795 4024 obiensualqo.·oqu1ean
863 3966 954 4005 munla
972 3953 999 4013 (a
1016 3965 1098 4003 manu
1115 3948 1235 4004 secarrda
1253 3949 1280 4000 fn
1293 3936 1417 4013 'laeuam
1453 3933 1454 3942 ἵ

238 4048 368 4116 ,sequitur
385 4062 496 4100 amana
510 4048 625 4115 antiqua
642 4052 694 4105 mat
713 4066 744 4115 9⁹³
762 4044 852 4128 nra'F
915 4044 1025 4112 prurfuf
1041 4044 1084 4111 Fp
1171 4045 1202 4094 25
1223 4040 1455 4109 mfpectoreE÷

231 4117 395 4234 ¹rnfffeeddbrdrr
413 4184 431 4233 φ
502 4173 510 4216 i
528 4164 649 4218 medullrf
666 4169 693 4228 (a
710 4179 793 4216 mona
810 4163 930 4218 arcuada
948 4164 976 4215 ia
994 4163 1102 4226 locusta)
1120 4181 1157 4231 p:
1179 4159 1213 4215 lrf
1229 4164 1254 4213 F
1344 4166 1379 4217 26
1397 4162 1417 4215 d

245 4262 299 4314 dref
315 4261 387 4314 totof
403 4263 429 4319 (a
448 4274 529 4312 manu
542 4258 647 4329 prima)
666 4279 702 4327 p:
720 4258 763 4312 tol
779 4257 807 4310 F
870 4258 992 4310 luctuoso
1011 4257 1142 4311 defiderro
1161 4260 1288 4326 (praeter
1307 4256 1384 4309 demo
1403 4274 1416 4308 a

248 4370 330 4407 manu
348 4352 467 4408 secunda
484 4354 512 4407 ia
531 4353 638 4417 lacuna)
658 4372 694 4423 p:
712 4351 786 4404 demo
805 4352 829 4402 F
