2934 4900
507 141 525 182 ο

252 210 293 272 68
757 225 848 270 urum
870 223 922 270 1111

253 385 341 444 tuna
387 375 458 460 quis
487 375 570 440 enim
600 375 748 458 quamuis
777 374 868 440 fortis
898 382 930 440 et
959 374 1139 458 intrepidus
1169 375 1304 438 immani
1327 375 1414 440 forma

255 493 365 552 tantae
387 483 512 551 bestiae
534 495 629 551 noctu
651 485 843 570 praesertim
865 484 998 550 uisitata
1019 504 1085 549 non
1108 504 1143 550 se
1167 482 1210 550 ad
1232 485 1342 567 fugam
1365 493 1414 550 sta-

257 598 315 662 tim
340 596 523 678 concitaret,
539 615 604 661 uon
619 595 729 661 obdito
744 597 844 661 cellae
866 596 996 679 pessulo
1011 614 1136 680 pauens
1147 601 1182 672 et
1195 595 1342 680 trepidus
1357 616 1415 662 sese

110 698 236 764 XVIIII
258 705 442 772 cohiberet?
466 705 516 772 his
538 706 687 772 omnibus
710 705 832 773 salubri
854 706 988 772 consilio
1010 713 1095 770 recte
1111 704 1277 790 dispositis
1293 707 1414 771 occurrit

254 835 390 884 soaouus
419 823 563 883 euentus.
613 835 753 902 namque
781 815 857 880 duur
892 815 1027 882 reduces
1062 816 1166 881 socios
1199 824 1327 882 nostros
1359 833 1434 882 sus-t

253 947 373 1012 pensus
396 927 554 1011 opperior,
585 926 716 1010 quidam
745 927 908 993 seruulum
931 925 1077 1011 [strepitu
1107 926 1240 1005 scilicet]
1270 924 1413 992 diuinitus

253 1038 416 1123 inquietus
438 1036 599 1122 proserpit
620 1037 735 1103 leniter
758 1037 892 1120 uisaque
915 1036 1035 1119 hestia,
1069 1055 1151 1118 quae
1180 1036 1283 1102 libere
1306 1037 1414 1104 discur-

253 1168 328 1214 rens
351 1148 425 1214 totis
448 1147 584 1214 aedibus
607 1147 815 1220 commeabat,
839 1166 989 1231 premens
1012 1147 1165 1212 obnixum
1189 1148 1352 1213 silentium
1374 1167 1413 1211 ue-

257 1258 385 1341 stigium
409 1279 502 1324 suum
517 1259 652 1343 replicat
667 1265 699 1323 ct
714 1264 885 1340 utcumque
901 1257 1023 1323 cunctis
1038 1257 1072 1321 in
1088 1256 1182 1321 domo
1198 1257 1271 1323 uisa
1286 1279 1413 1344 pronun·

255 1369 323 1434 tiat.
360 1388 419 1434 nec
442 1388 532 1464 mora
554 1387 625 1433 cum
648 1387 838 1434 numerosae
860 1366 1002 1432 familiae
1025 1368 1207 1452 frequentia
1222 1366 1334 1433 domus
1358 1376 1413 1432 tota
1426 1384 1446 1433 ur

186 1555 187 1562 ἵ
257 1477 449 1564 completur.v
485 1477 589 1545 taedis
617 1477 759 1544 lucernis
782 1477 884 1544 cereis
914 1477 1054 1544 sebaciis
1078 1484 1109 1543 et
1137 1478 1251 1543 ceteris
1280 1479 1413 1543 nocturni

140 1583 145 1597 '
176 1643 178 1646 .
253 1589 385 1655 luminis
402 1589 623 1655 instrumentis
639 1589 819 1654 clarescunt
835 1577 997 1653 tenebrae
1033 1606 1092 1653 neo
1107 1587 1240 1654 inermis
1256 1589 1413 1672 quisquan

253 1699 294 1766 de
317 1706 408 1764 tauta
431 1701 524 1784 copia
546 1698 703 1784 prooessit
726 1698 784 1764 sed
806 1699 924 1782 singuli
952 1697 1090 1764 fustibus
1120 1698 1244 1764 lanceis
1267 1698 1413 1765 destrictis

254 1809 392 1894 denique
413 1810 532 1892 gladiis
555 1809 700 1874 muniunt
721 1807 838 1874 aditus.
883 1829 943 1874 uec
966 1827 1058 1874 secus
1081 1827 1179 1874 canes
1209 1810 1308 1874 etiam
1329 1829 1412 1874 uena·

254 1921 333 1986 ticos
362 1920 484 1985 auritos
513 1920 586 1985 illos
621 1926 651 1984 et
677 1919 889 1985 horricomes*
912 1919 953 1982 ad
988 1918 1260 2003 comprimendam
1289 1918 1412 1985 bestiam
1426 1918 1447 1975 o'

166 2033 232 2099 XX
254 2030 470 2095 cohortantur.
514 2036 588 2095 tunc
612 2049 671 2114 ego
695 2029 815 2095 sensim
836 2029 993 2112 gliscente
1015 2027 1122 2093 adhuc
1144 2029 1199 2095 illo
1221 2031 1355 2094 tumultu
1376 2050 1413 2094 re·

253 2139 396 2224 trogradi
418 2135 495 2224 iuga
516 2139 611 2205 domo
639 2141 763 2205 facesso
792 2139 849 2206 sed
877 2141 974 2224 plane
996 2140 1251 2224 Thrasyleonem
1274 2141 1351 2205 mire
1372 2160 1413 2203 ca·

256 2252 352 2317 nibus
375 2258 607 2334 repugnantem
629 2251 734 2316 latens
758 2269 843 2333 ponc
865 2249 995 2314 ianuam
1017 2250 1088 2334 ipsc
1109 2251 1282 2335 prospicio.
1320 2271 1412 2335 quaru-

255 2381 351 2443 quam
374 2361 459 2426 euim
482 2361 568 2426 uitae
590 2367 693 2427 metas
716 2360 846 2426 ultimas
869 2360 991 2441 obiret,
1021 2367 1216 2425 nontamen
1240 2361 1291 2426 sui
1313 2360 1412 2426 nostri·
1447 2390 1448 2395 κ

255 2491 317 2555 que
345 2473 396 2537 uel
424 2473 581 2556 pristinae
614 2472 742 2538 uirtutis
776 2471 893 2537 oblitus
924 2470 988 2535 iam
1017 2472 1162 2537 faucibus
1196 2471 1275 2555 ipsis
1306 2468 1443 2537 humuli

255 2580 387 2647 Cerberi
409 2582 595 2647 reluctabat.
640 2602 791 2649 scaenam
814 2580 954 2666 deniqne
978 2603 1073 2665 quam
1097 2589 1211 2665 sponte
1235 2589 1411 2668 sumpserat

257 2711 328 2756 oum
351 2693 462 2759 anima
483 2694 626 2759 retinens
649 2712 734 2758 nunc
749 2692 876 2775 fugiens
891 2713 975 2757 nuno
998 2692 1153 2759 resistens
1168 2694 1270 2759 uariis
1285 2692 1411 2776 corporis

174 2878 176 2885 Ι
258 2803 308 2867 sui
347 2802 487 2870 schemis
523 2824 561 2867 ac
589 2801 728 2869 motibus
758 2803 888 2868 tandem
918 2802 1013 2867 domo
1033 2804 1220 2888 ¹prolapsus
1256 2812 1313 2869 est.
1360 2821 1409 2867 nec
1448 2821 1449 2858 r

254 2910 365 2979 tamen
385 2913 533 2997 quamuis
555 2914 684 3000 publica
706 2915 825 2999 potitus
846 2912 995 3003 libertate
1018 2913 1153 2978 salutem
1176 2914 1252 2996 iuga
1272 2931 1411 2999 quaerere

254 3022 366 3107 potuit.
411 3025 531 3110 quippe
560 3025 664 3089 cuncti
693 3044 790 3089 canes
813 3023 853 3089 de
882 3024 1028 3108 proximo
1058 3023 1229 3108 angiportu
1261 3026 1337 3089 satis
1364 3021 1411 3087 leri
1424 3022 1449 3069 h

254 3134 395 3215 satisque
418 3135 538 3219 copiosi
567 3135 724 3201 uenaticis
746 3134 819 3217 illis,
850 3134 904 3218 qui
927 3133 1126 3198 commodum
1156 3133 1250 3198 domo
1280 3133 1411 3199 similiter

254 3243 459 3327 insequentes
487 3252 723 3329 processerant,
761 3265 796 3310 se
827 3244 1003 3309 obmiscent
1031 3245 1230 3327 agminatim.
1276 3245 1411 3309 miserum

255 3352 478 3437 funestumque
501 3362 685 3445 spectamen
708 3355 822 3437 aspexi
844 3355 1099 3439 Thrasyleonem
1121 3360 1266 3420 nostrum
1289 3351 1410 3420 cateruis

158 3528 162 3541 ,
255 3480 369 3526 cauum
393 3464 605 3530 saeuientium
627 3467 765 3531 cinctum
793 3472 889 3550 atque
912 3466 1077 3531 obsessum
1101 3464 1271 3547 multisque
1293 3480 1409 3530 numero

256 3565 559 3607 ,ψῃ-4..-
1300 3555 1305 3565 “

322 3651 337 3700 2
357 3664 371 3702 e
388 3650 417 3703 ic
434 3655 510 3704 tante
527 3652 555 3704 ab
572 3666 628 3705 ros,
647 3652 675 3705 ia
693 3651 725 3711 F,
742 3656 855 3719 tantae
943 3655 967 3704 e.
977 3650 1062 3717 ltep1t3
1080 3649 1176 3704 tonica
1194 3653 1289 3720 (aspra
1308 3652 1342 3703 ste
1357 3643 1409 3700 cdd.

255 3758 273 3794 c
290 3756 371 3795 mauu
390 3743 509 3798 reccaredo
526 3762 540 3797 r
565 3744 610 3798 uel
632 3745 719 3799 ancile
737 3744 851 3814 aliquid)
870 3743 981 3797 inducta
1006 3744 1035 3797 ic
1051 3742 1083 3806 F,
1102 3743 1219 3811 itreprr9
1245 3744 1292 3797 lcrl
1309 3762 1336 3811 φ,
1353 3753 1410 3810 quor

255 3859 355 3915 seclusi
457 3866 489 3915 14
506 3862 585 3915 adrtrl
600 3862 643 3931 Fe
670 3865 707 3925 (io
732 3879 856 3934 propre
880 3862 943 3916 add.
963 3824 986 3915 cc
1005 3861 1056 3915 aul
1140 3861 1215 3915 laeui
1230 3863 1290 3931 Fp:
1317 3855 1413 3924 lenuis

257 3958 288 4007 15
301 3960 369 4026 post
386 3954 409 4007 da
426 3956 538 4011 inducta
556 3972 572 4010 a
589 3957 618 4010 io
636 3956 664 4009 F
743 3962 774 4010 16
791 3943 916 4024 ghscsute‘
935 3956 957 4016 rs
973 3972 1042 4010 corr.
1062 3972 1100 4009 ex
1117 3970 1140 4017 c;
1162 3942 1300 4011 ”masona
1317 3954 1347 4018 F,
1362 3950 1408 4019 ghi·

256 4053 355 4114 cister
444 4054 473 4101 17
493 4044 571 4104 dbmo
591 4058 598 4108 l
600 4050 832 4119 promlibrariur
840 4050 995 4119 compturus
1007 4048 1096 4117 serim
1109 4048 1219 4101 uidetur
1227 4049 1245 4110 ll
1265 4047 1297 4113 F,
1315 4047 1406 4109 domoc

255 4128 414 4197 thrahleom‘r
432 4142 460 4196 F
536 4146 569 4195 20
586 4141 668 4207 faerb;
686 4143 730 4213 Fp
801 4141 1185 4209 rocrurhrF¹,l1mrlrterp
1238 4146 1270 4195 27
1290 4143 1315 4196 le
1332 4170 1340 4191 a
1357 4135 1409 4206 (fw'I

866 4224 881 4251 u
970 4222 981 4251 0

256 4262 282 4321 dl
301 4262 333 4325 F,
348 4262 437 4329 resep
507 4263 680 4316 ommrlceuut
699 4262 730 4327 F,
750 4262 906 4315 ommrleent
921 4282 951 4330 φ,
969 4278 991 4315 c.
1010 4261 1139 4315 9mrloent
1163 4259 1226 4313 cdd.
1251 4281 1271 4330 φ
1293 4262 1320 4314 ia
1337 4271 1407 4324 morp-

208 4378 210 4383 .
256 4358 288 4407 28
307 4338 479 4407 Thrahleoue
496 4353 524 4407 F
