2934 4900
611 262 683 340 cnr,
705 261 915 309 xxurrnxxx
1279 244 1340 307 223

175 436 298 485 summo
321 415 427 483 studio
449 415 663 500 percontabar
685 415 830 497 singulos
853 414 941 479 eccui
969 414 1139 499 uestigium
1167 411 1272 481 simile
1300 413 1343 480 sit
1436 422 1437 425 ’

175 535 210 593 ut
224 526 383 595 somnium
385 575 551 591 ......
573 544 634 591 nec
652 524 733 591 fides
749 525 838 591 afuit.
874 545 950 591 nam
966 525 1007 592 de
1021 524 1229 611 pastophoris
1244 543 1342 590 unum

176 638 329 723 conspexi
349 636 458 703 statim
479 642 607 721 praeter
628 624 782 701 indicium
797 635 891 720 pedis
906 641 1011 703 cetero
1026 637 1125 703 etiam
1147 639 1343 717 statuatque

174 748 287 815 habitu
301 746 499 814 examussim
513 753 689 812 nocturnae
699 744 835 831 imagini
845 754 1078 831 congruentem
1089 767 1183 832 quem
1194 745 1342 811 Asinium
1409 794 1415 809 .

141 880 156 927 5
174 848 361 925 Marcellum
382 856 517 924 uocitari
538 856 684 941 cognoui,
707 864 823 941 postea
844 858 1079 925 reformationis
1101 876 1265 923 meacaon
1286 855 1343 920 ali·

176 989 270 1036 enum
279 989 407 1036 nomen.
437 988 497 1034 nec
511 975 653 1034 moratus
668 968 806 1033 conueni
818 968 964 1052 protinus
979 987 1053 1035 eum
1068 988 1148 1036 sane
1162 987 1222 1035 nec
1237 968 1343 1052 ipsum

114 1060 122 1077 ⁸
174 1081 272 1147 futuri
294 1079 452 1160 sermonis
471 1078 620 1161 ignarum
634 1078 755 1163 qnippe
776 1077 977 1144 iamdudum
998 1079 1157 1145 consimili
1171 1084 1345 1164 praecepto

178 1210 341 1259 sacrorum
364 1188 647 1256 ministrandorum
669 1190 963 1255 commonefactum.
1000 1210 1076 1254 nam
1099 1182 1162 1256 sibi
1183 1190 1273 1255 uisus
1296 1195 1347 1255 est

177 1302 284 1386 quiete
306 1300 453 1385 proxima
474 1299 550 1363 dum
572 1318 690 1383 magno
705 1298 767 1365 deo
783 1316 917 1366 coronas
933 1306 1075 1384 exaptat,
1098 1306 1131 1365 et
1151 1299 1192 1365 de
1207 1299 1275 1365 eius
1291 1318 1346 1365 ore

126 1422 158 1472 10
177 1431 240 1496 quo
268 1410 466 1495 singulorum
493 1410 562 1475 fata
594 1408 693 1474 dietat
726 1407 857 1475 audisse
891 1410 973 1475 mitti
1008 1409 1070 1477 sibi
1098 1409 1345 1477 Madaurensem
1374 1419 1377 1425 '

176 1521 235 1589 sed
247 1519 429 1586 ‘admodum
444 1538 620 1605 pauperem
634 1520 686 1584 cui
700 1518 807 1584 statim
823 1540 882 1585 sua
897 1540 990 1585 sacra
1004 1520 1136 1587 deberet
1150 1521 1343 1604 ministrare,
1452 1545 1456 1553 ·

175 1653 252 1700 nam
275 1637 306 1698 et
326 1631 376 1696 illi
398 1630 576 1696 studiorum
598 1629 735 1713 gloriam
758 1636 789 1695 11
810 1632 873 1716 ipsi
895 1629 1018 1715 grande
1040 1631 1266 1717 compendium
1288 1652 1346 1698 sua

176 1741 356 1828 comparari
386 1738 599 1825 prouidentia.
654 1739 697 1807 ad
727 1740 825 1807 istum
856 1740 986 1807 modum
1022 1740 1202 1827 desponsus
1222 1743 1323 1811 sacris
1344 1740 1408 1807 XX
1464 1749 1467 1798 Ι

177 1860 361 1940 sumptuum
381 1849 538 1917 tenuitate
560 1856 671 1915 contra
699 1857 808 1917 uotum
836 1871 942 1918 meum
970 1851 1169 1920 retardabar.
1212 1874 1288 1921 nam
1317 1861 1348 1919 et

127 1983 159 2033 15
176 1965 329 2030 uirioulas
360 1960 547 2046 patrimonii
581 1962 851 2045 peregrinationis
887 1962 1086 2029 adtriuerant
1120 1963 1288 2048 impensae
1317 1973 1349 2030 et

178 2076 382 2160 erogationes
413 2071 545 2137 urbicae
577 2064 722 2155 pristinis
755 2072 820 2139 illis
850 2073 1103 2157 prouincialibus
1137 2074 1346 2141 antistabant.

177 2186 347 2271 plurimum
377 2202 455 2266 ergo
476 2180 597 2246 duritia
617 2182 815 2266 paupertatis
830 2183 1058 2267 intercedente,
1081 2184 1167 2269 quod
1189 2184 1235 2249 ait
1257 2190 1348 2251 uetus

176 2295 393 2381 prouerbium,
415 2293 500 2358 inter
520 2311 649 2357 sacrum
663 2299 695 2357 et
716 2311 832 2359 saxum
846 2292 969 2378 positus
992 2294 1158 2360 cruciabar
1172 2314 1232 2360 nec
1247 2293 1348 2361 setius

176 2414 285 2474 tamen
306 2401 484 2471 identidem
498 2402 640 2470 numinis
655 2404 826 2489 premebar
840 2404 1002 2472 instantia.
1040 2405 1169 2490 iamque
1185 2403 1348 2490 saepicule

126 2527 159 2578 20
177 2539 242 2584 non
270 2516 341 2582 sine
369 2535 489 2598 magna
514 2515 696 2580 turbatione
724 2515 906 2581 stimulatus
933 2522 1093 2600 postremo
1121 2517 1229 2584 iussus
1258 2519 1348 2584 noste

176 2629 250 2712 ipsa
271 2644 343 2690 mea
370 2625 517 2708 quamuis
544 2623 682 2708 paruula
703 2624 858 2691 distracta
880 2627 1090 2694 sufficientem
1112 2627 1239 2694 conrasi
1254 2647 1348 2692 'sum-

178 2737 297 2802 mulam
319 2741 351 2799 et
370 2734 406 2799 id
426 2735 533 2816 ipsum
561 2724 766 2819 praeceptum
795 2736 899 2801 fuerat
926 2737 1117 2821 specialiter.
1158 2731 1214 2802 ‘an
1236 2728 1277 2802 tu'
1302 2737 1348 2802 in·

179 2846 249 2931 quit
266 2838 405 2928 ‘siquam
427 2863 494 2909 rem
516 2843 868 2929 uoluptati'struendae
890 2847 1028 2926 moliris,
1058 2847 1186 2913 laciniis
1209 2846 1272 2912 tuis
1294 2866 1365 2912 ne·

179 2973 340 3040 quaquam
361 2973 521 3037 parceres,
544 2974 628 3020 nunc
649 2961 758 3022 tantas
785 2957 998 3024 caerimonias
1026 2956 1173 3024 aditurus
1194 2957 1350 3042 impaeni·
1424 2993 1428 3003 ·

128 3063 297 3132 netandae
319 3070 350 3129 te
372 3064 538 3148 pauperiei
560 3048 721 3132 cunctaris
743 3068 938 3133 committere
946 3062 972 3135 θ’
1029 3107 1031 3110 v
1071 3113 1074 3122 ι

264 3174 350 3257 Ergo
371 3172 470 3256 igitur
491 3176 612 3241 cunctis
634 3174 768 3242 adfatim
790 3179 992 3263 praeparatis
1015 3178 1126 3244 decem
1149 3198 1260 3244 rursus
1282 3176 1348 3243 die·

177 3286 239 3351 bus
260 3283 413 3350 inanimis
434 3290 603 3352 contentus
625 3285 705 3352 cibis
726 3286 859 3372 insuper
880 3289 977 3356 etiam
999 3289 1131 3373 Serapis
1159 3288 1349 3374 principalis

178 3396 232 3462 dei
253 3394 417 3460 nocturnis
446 3394 546 3479 orgiis
573 3396 777 3481 inlustratus,
806 3399 904 3482 plena
931 3399 995 3464 iam
1025 3398 1144 3465 fiducia
1174 3417 1349 3483 germanae

177 3504 345 3589 religionis
360 3503 550 3589 obsequium
565 3504 710 3572 diuinum
725 3509 979 3593 frequentabam.
1016 3528 1099 3593 quae
1121 3528 1173 3576 res
1189 3529 1347 3576 summum

127 3634 160 3704 so
176 3613 432 3701 peregrinationi
454 3634 545 3681 meae
566 3617 728 3682 tribuebat
744 3619 899 3685 solacium
914 3638 974 3687 nec
995 3620 1101 3686 minus
1117 3619 1213 3686 etiam
1228 3621 1347 3685 uictum

88 3709 358 3810 [arasuberiorem
372 3724 644 3811 subministrabat,
668 3728 790 3812 quidni,
808 3730 923 3818 spiritu
937 3731 1076 3796 fauentis
1091 3730 1235 3796 Euentus
1251 3748 1346 3814 quae-

178 3837 293 3902 sticulo
316 3835 436 3920 iprensi
457 3837 575 3902 nutrito
597 3858 656 3922 per
677 3841 857 3923 patrocinia
879 3842 1037 3908 sermonis
1059 3840 1207 3906 Romani.

249 4087 346 4142 leccui
357 4085 536 4143 Stewecbr'uc:
553 4087 594 4158 &q
610 4087 653 4157 Fp
722 4081 1049 4148 [111111[118111111111.ο
1069 4090 1201 4146 trmrth
1274 4090 1349 4144 tla-

180 4194 279 4234 cunom
295 4179 418 4236 taddaei
478 4179 544 4237 fides
560 4180 689 4237 laricino.-
706 4181 760 4238 fide
777 4185 820 4252 Fp
890 4187 1027 4241 3ceterot'
1043 4185 1071 4240 F
1136 4190 1224 4239 5non
1241 4181 1348 4236 addidit

165 4296 300 4353 ,Vrsinus
361 4261 436 4354 alind
452 4299 481 4352 F
519 4304 561 4378 ,6
572 4307 640 4373 post
656 4305 719 4356 noffi
735 4300 937 4359 (1111111ιᾶ11
955 4306 980 4356 F
1046 4308 1076 4358 15
1094 4301 1354 4374 peregnnatronelf

180 4393 211 4444 27
231 4389 339 4460 Serapis
357 4391 463 4449 codices
479 4393 639 4468 interpolati
643 4415 652 4448 .·
671 4394 809 4467 deratcapr
825 4396 870 4466 rp
