2934 4900
220 202 259 262 10
744 217 835 266 11111
857 221 869 265 1

218 370 302 436 lucio
325 371 398 435 uolo
421 358 492 434 ire.'
537 368 654 434 ianitor
676 390 761 454 pone
783 370 903 436 stabuli
930 369 1046 436 ostium
1068 369 1158 434 humi
1187 369 1334 436 cubitans
1357 377 1392 434 et

194 481 282 545 ¹iarn
304 499 388 545 nunc
411 478 625 546 semisomnus
651 472 742 564 ‘quid
763 472 812 545 tu’
842 480 948 566 inquit
971 474 1117 563 ‘ignoras
1138 479 1316 546 latronibus
1339 481 1391 545 in-

217 591 329 658 festari
351 591 423 656 uias
446 591 501 675 qui
522 590 582 656 hoc
597 589 701 656 noctis
723 590 785 656 iter
805 590 946 674 incipis?
982 609 1099 674 nempe
1113 591 1176 657 etsi
1196 597 1231 655 tu
1251 591 1391 658 alicuius

217 701 369 767 facinoris
392 701 451 766 tibi
474 701 621 768 conscius
644 700 769 767 scilicet
790 701 870 765 mori
892 701 993 785 cupis,
1015 721 1077 767 nos
1087 701 1272 767 cucurbitae
1293 707 1392 786 caput

217 834 282 877 ncn
311 811 467 878 habemus
489 819 524 876 ut
545 832 603 896 pro
625 818 657 878 te
685 803 884 877 moriamur.²
901 822 904 829 '
920 805 998 876 ‘non
1023 803 1133 895 longe'
1164 813 1294 895 inquam
1320 805 1424 876 ‘luxa

217 924 320 988 abest.
357 929 389 986 et
409 930 579 1006 praeterea
607 922 685 1004 quid
713 922 829 987 uiatori
857 922 899 988 de
921 943 1046 988 summa
1066 922 1224 1006 pauperie
1245 922 1390 988 latrones

217 1034 343 1099 auferre
365 1035 523 1117 possunt?
561 1054 603 1098 an
626 1033 768 1116 ignoras,
791 1033 909 1117 inepte,
932 1033 1053 1098 nudum
1074 1052 1177 1098 neca
1199 1031 1310 1098 decem
1332 1053 1392 1116 pa·

217 1143 371 1209 laestritis
385 1143 570 1228 despoliari
593 1135 726 1228 posset?
766 1142 807 1209 ad
829 1142 911 1208 baec
932 1143 987 1208 ille
1016 1143 1178 1209 marcidus
1200 1149 1233 1209 et
1253 1143 1391 1210 semiso-

216 1255 302 1339 pitus
325 1255 364 1329 in
382 1253 518 1320 alterum
546 1255 631 1320 latus
660 1255 808 1320 euolutus
833 1247 932 1319 ‘unde
960 1245 1082 1319 autem'
1111 1254 1217 1338 inquit
1235 1246 1321 1319 ‘scio
1344 1274 1391 1319 an

217 1373 405 1430 conuectcre
434 1365 489 1428 illc
519 1371 582 1446 tuo,
613 1384 683 1428 curn
714 1385 776 1448 quc
806 1383 878 1430 sero
906 1364 1102 1447 deponeres,
1126 1365 1270 1448 iugulato
1291 1364 1391 1446 fugae
1412 1383 1440 1429 ro

215 1474 351 1540 mandes
373 1474 595 1560 praesidium?
628 1476 708 1541 illud
737 1475 837 1540 horae
865 1475 996 1540 memini
1019 1495 1070 1540 me
1092 1482 1179 1543 terra
1200 1474 1392 1542 dehiscente

215 1585 281 1650 ima
309 1589 445 1650 Tartara
473 1587 571 1670 inque
600 1586 651 1652 his
680 1606 794 1651 canem
828 1585 1002 1651 Cerberum
1031 1605 1163 1670 prorsus
1192 1585 1391 1652 esurientem

217 1717 268 1762 me
290 1688 523 1781 prospexisse'

298 1807 346 1871 Ac
373 1805 569 1872 recordabar
598 1808 740 1891 profecto
769 1807 887 1871 bonam
915 1806 1046 1871 Meroen
1073 1827 1138 1871 non
1167 1804 1392 1885 misericordia

120 1916 197 1980 XVI
218 1916 328 2000 iugulo
350 1937 422 1982 meo
445 1918 631 2002 pepercisse
659 1916 717 1982 sed
746 1917 884 1982 saeuitia
912 1918 997 1981 cruci
1026 1936 1077 1982 me
1109 1935 1305 1982 reseruasse.
1353 1915 1391 1980 in
1414 1942 1439 1989 15

216 2028 397 2092 cubiculum
425 2029 535 2112 itaque
557 2047 706 2105 reuersus
729 2026 771 2092 de
800 2046 921 2109 genere
941 2027 1148 2092 tumultuario
1177 2026 1288 2094 mortis
1309 2025 1392 2092 deli-

215 2139 378 2204 berabam.
424 2139 482 2205 sed
511 2157 581 2203 eum
618 2138 741 2203 nullum
770 2137 860 2202 aliud
888 2138 987 2203 telum
1021 2137 1218 2203 mortiferum
1244 2138 1393 2204 Fortuna

216 2269 311 2332 quam
334 2249 437 2314 solum
459 2248 539 2313 mihi
563 2249 767 2330 grabatulum
795 2248 1053 2314 subministraret
1078 2243 1243 2312 ‘iamiam
1270 2245 1392 2330 graba-

215 2350 293 2423 tule'
318 2359 450 2443 inquam
476 2354 598 2424 ‘animo
621 2379 691 2424 meo
714 2358 895 2441 carissime,
925 2358 980 2442 qni
1001 2378 1125 2423 meeum
1146 2366 1193 2424 tot
1214 2378 1391 2425 aerumnas

216 2471 390 2537 exantlasti
426 2471 573 2537 conscius
604 2478 635 2536 ct
663 2470 784 2536 arbiter
811 2490 894 2553 quae
923 2477 1016 2535 nocte
1043 2477 1137 2553 gesta
1169 2477 1258 2551 sunt,
1291 2490 1391 2551 quem
1411 2499 1440 2547 ρο

217 2581 319 2645 solum
340 2581 375 2645 in
396 2602 468 2647 meo
490 2588 581 2647 reatu
604 2587 718 2646 testem
741 2581 945 2647 innocentiae
966 2580 1066 2646 citare
1087 2601 1230 2665 possum,
1252 2589 1286 2645 11
1307 2580 1393 2646 mihi

216 2691 258 2756 ad
282 2692 402 2758 inferos
425 2692 592 2758 festinanti
614 2692 827 2757 subministra
847 2694 947 2757 telum
961 2674 1125 2757 'salutare'
1153 2698 1277 2756 etcum
1301 2690 1392 2757 dieto

215 2803 326 2869 restim
355 2824 419 2887 qua
447 2809 517 2867 crat
544 2804 686 2869 intextus
716 2801 888 2885 adgredior
916 2802 1071 2886 expedire
1098 2821 1136 2866 ac
1164 2800 1268 2884 tigillo
1300 2803 1392 2884 quod

215 2914 376 2979 fenestrae
398 2913 562 2979 subditum
584 2913 777 2979 altrinsecus
799 2913 1004 2996 prominebat
1017 2913 1137 2977 iniecta
1157 2918 1254 2992 atque
1275 2911 1393 2977 obdita

214 3032 306 3110 parte
327 3025 461 3090 funiculi
483 3036 515 3091 et
536 3025 640 3091 altera
661 3025 795 3090 firmiter
822 3024 856 3087 in
877 3023 997 3088 nodum
1026 3029 1138 3088 coacta
1158 3042 1293 3088 ascenso
1315 3043 1392 3105 gra-
1411 3037 1439 3085 aa

213 3136 323 3200 batuto
352 3135 395 3201 ad
425 3136 557 3201 exitium
586 3135 778 3201 sublimatus
806 3134 948 3200 demisso
977 3134 1082 3217 capite
1103 3134 1254 3217 laqueum
1275 3133 1389 3200 induo.

215 3245 273 3311 sed
301 3246 377 3309 dum
399 3245 482 3329 pede
505 3248 606 3311 altero
635 3245 855 3311 fulcimentum
883 3264 946 3327 quc
974 3243 1158 3310 sustinebar
1185 3244 1323 3327 repello,
1354 3254 1391 3309 ut

215 3356 367 3440 ponderis
390 3355 529 3421 deductu
551 3357 647 3423 restis
675 3356 718 3421 ad
745 3356 923 3438 ingluuiem
951 3354 1106 3421 adstricta
1126 3355 1258 3439 spiritus
1280 3355 1391 3421 officia

214 3465 421 3549 discluderet,
450 3475 582 3551 repente
603 3468 706 3551 putris
736 3467 879 3548 alioquin
902 3473 933 3531 et
954 3472 1048 3532 uetus
1076 3465 1161 3531 funis
1194 3465 1390 3555 dirumpitur

284 3751 293 3798 l
314 3746 428 3799 bostrum
453 3748 477 3797 F
534 3748 552 3799 h
570 3747 599 3799 r‘o
615 3746 688 3799 hunu
700 3745 1005 3817 percontarentur
1072 3748 1086 3797 3
1104 3744 1199 3811 mcrprf
1214 3744 1250 3795 F:
1268 3746 1391 3810 morprtrf

214 3843 292 3903 (corr.
312 3840 339 3892 br
363 3841 505 3909 mcrprflp
546 3856 642 3909 nempe
658 3840 782 3946 scripsi:f
796 3839 864 3893 Nem
882 3839 912 3901 F,
934 3838 1049 3907 Nelmp
1137 3841 1167 3890 11
1187 3836 1329 3891 delrfcente
1348 3838 1389 3902 Ρ,

214 3957 413 4029 debyfcentep
488 3960 634 4029 liymaF
708 3960 815 4027 prlnF
895 3962 926 4011 14
942 3957 1014 4011 bona
1031 3958 1079 4067 bs
1125 3960 1213 4014 dmin
1244 3956 1335 4024 rugulo
1362 3957 1392 4010 F

217 4080 245 4127 15
265 4079 399 4145 pepecrfle
419 4079 507 4149 ipram·
524 4096 542 4147 p
561 4095 630 4133 corr.
649 4078 677 4131 r'o
694 4082 722 4146 p)
741 4078 767 4129 F
834 4080 864 4130 18
882 4040 1225 4150 grabattulirumrnrftrar&
1251 4078 1274 4127 F
1356 4083 1387 4131 18

213 4171 365 4237 grabattule
382 4173 407 4223 F
473 4176 505 4225 11
526 4171 670 4225 exanclaltr
689 4174 713 4234 (o
732 4172 761 4225 io
777 4186 844 4237 roa,
862 4188 932 4225 corr.
950 4186 988 4225 err
1004 4177 1026 4236 t)
1044 4172 1070 4221 F
1142 4176 1174 4223 22
1193 4168 1344 4223 lummrftra
1364 4173 1389 4223 F

213 4266 244 4315 ‘25
263 4266 414 4331 grabattulc
442 4264 470 4319 F
560 4270 593 4319 21
620 4264 733 4317 demisso
757 4264 869 4335 scriptor:
895 4264 919 4316 a
946 4263 1021 4319 mrffo
1039 4266 1065 4316 F
1081 4269 1117 4329 (et
1135 4264 1245 4319 demiflo
1266 4263 1388 4328 Uolnius)

214 4360 246 4409 28
265 4356 354 4412 offrcro
373 4360 397 4409 F
484 4363 516 4412 29
535 4358 597 4411 fimf
613 4374 684 4413 corr.
703 4375 720 4411 1
738 4374 790 4411 sec.
808 4374 890 4410 roano
909 4360 1071 4412 11111111
1090 4360 1122 4423 F,
1139 4357 1248 4425 funrfp
