2934 4900
461 305 467 324 x
570 259 643 307 one.
666 258 799 305 1111—v1
1206 248 1266 311 185

96 430 166 475 non
189 410 405 475 luctumariti
427 410 480 475 uel
501 430 657 477 aerumna
678 412 799 477 funeris
821 418 981 478 commota
1009 412 1101 478 clade
1123 413 1265 502 familiae

94 519 262 586 uindictae
292 520 519 605 compendium
550 520 649 585 traxit
682 523 846 605 missoque
877 523 1024 607 protinus
1053 542 1181 589 cursore
1213 526 1268 607 qui

94 632 200 695 uianti
222 630 337 695 marito
359 630 473 696 domus
494 632 765 715 expugnationem
786 633 963 716 nuntiaret,
996 652 1035 697 ao
1055 652 1132 697 mox
1154 634 1267 701 eodem

95 740 188 807 ocius
210 740 388 805 abitinere
409 760 558 822 regresso
578 750 754 825 personata
774 744 876 809 nimia
901 744 1081 809 temeritate
1102 745 1269 810 insimulat

42 866 57 914 5
93 850 239 935 priuigni
262 871 389 918 ueneno
410 851 510 916 lilium
534 871 626 918 suurn
653 852 874 935 interceptum.
918 860 950 919 et
969 853 1030 917 hoo
1052 840 1180 935 quidem
1203 875 1266 921 non

95 960 181 1027 adeo
203 962 418 1027 mentiebatur
440 960 610 1043 quodiam
633 960 828 1027 destinatam
850 963 960 1029 iuueni
983 970 1115 1029 mortem
1135 984 1268 1047 praeue-
1380 1019 1383 1027 .

96 1071 203 1140 nisset
223 1092 313 1157 puer,
330 1071 388 1137 sed
409 1072 540 1137 fratrem
562 1072 719 1137 iuniorem
742 1071 883 1155 fingebat
904 1073 978 1139 ideo
991 1074 1132 1158 priuigni
1148 1076 1268 1141 scelere

8 1201 75 1264 [241]
94 1189 314 1266 peremptum,
344 1181 429 1265 quod
458 1182 529 1247 eius
555 1182 732 1266 probrosae
760 1182 886 1249 libidini
916 1203 1037 1267 quase
1060 1184 1267 1267 comprimere

93 1298 312 1377 temptauerat
332 1291 490 1357 noluisset
510 1292 725 1358 succumbere.
755 1301 895 1365 nectam
918 1293 1107 1360 inmanibus·
1118 1300 1267 1359 contenta

43 1408 75 1454 10
94 1401 277 1469 mendaciis
299 1401 442 1468 addebat
470 1401 533 1468 sibi
556 1422 682 1486 quoque
703 1403 745 1467 ob
768 1402 927 1469 detectum
948 1404 1105 1488 flagitium
1128 1404 1264 1471 eundem

93 1512 186 1578 illum
209 1512 356 1595 gladium,
376 1512 573 1578 comminari.
617 1519 693 1591 tunc
724 1513 838 1579 inlelix
866 1512 985 1598 duplici
1007 1514 1145 1579 filiorum
1166 1521 1266 1595 morte

93 1642 270 1706 percussus
292 1624 419 1707 magnis
440 1641 665 1694 aemmnarum
686 1623 836 1707 procellis
852 1629 987 1691 aestuat.
1016 1644 1091 1689 nam
1114 1631 1145 1690 et
1167 1625 1266 1690 iunio-

93 1752 165 1799 rem
187 1734 330 1798 incoram
353 1733 403 1799 sni
424 1734 566 1800 funerari
588 1733 722 1799 uidebat
743 1740 774 1798 et
795 1734 930 1799 alterurn
953 1734 994 1799 ob
1016 1734 1173 1800 incestum
1195 1754 1266 1818 par·
1352 1775 1360 1791 ·

93 1842 308 1927 rieidiumque
329 1844 444 1928 capitis
467 1844 588 1910 scilicet
609 1843 795 1909 damnatum
817 1844 857 1909 iri
879 1850 965 1909 certo
987 1844 1120 1910 sciebat.
1142 1844 1185 1909 ad
1208 1845 1266 1909 hoo
1303 1893 1306 1913 .

43 1952 74 2000 15
93 1953 206 2019 uxoris
229 1952 366 2019 dilectae
386 1954 519 2019 nimium
548 1954 691 2021 mentitis
716 1954 1002 2024 lamentationibus
1019 1954 1067 2019 ‚ad
1090 1961 1265 2021 extremum

95 2062 220 2129 subolis
241 2064 436 2148 implebatur
457 2064 576 2129 odium.

181 2173 320 2239 Vixdum
342 2194 481 2258 pompae
502 2173 653 2241 funebres
668 2181 700 2239 et
715 2174 880 2257 sepultura
893 2174 953 2240 filii
975 2176 1079 2241 fuerat
1102 2175 1263 2258 explicata
1283 2171 1327 2237 Vl

93 2291 128 2349 et
150 2284 257 2349 statim
279 2284 322 2348 ab
344 2284 416 2367 ipso
438 2284 509 2350 eius
530 2303 609 2368 rogo
638 2302 739 2350 senex
767 2284 881 2351 infelix
908 2304 966 2349 ora
995 2304 1055 2351 sua
1082 2285 1265 2357 recentibus

93 2392 204 2460 adhuc
225 2394 336 2478 rigans
368 2394 509 2461 lacrimis
540 2393 736 2478 trahensque
770 2394 877 2460 cinero
910 2394 1093 2462 sordentem
1115 2396 1274 2462 canitiem

41 2508 73 2558 20
93 2505 165 2577 loro
187 2525 222 2570 se
244 2505 381 2571 festinus
409 2504 560 2570 immittit.
604 2512 701 2588 atque
735 2505 781 2570 ibi
818 2513 885 2570 tum
914 2505 990 2571 fletu
1021 2513 1087 2572 turn
1116 2505 1265 2591 precibus

93 2635 204 2699 genua
217 2615 322 2704 etiam
337 2614 544 2680 decurionum
559 2616 749 2698 contingens
771 2616 899 2683 nescius
921 2616 1081 2682 fraudium
1103 2617 1266 2701 pessimae

93 2726 240 2792 mulieris
266 2725 300 2790 in
329 2726 461 2792 exitium
498 2725 613 2809 reliqui
648 2725 708 2791 lilii
743 2727 850 2810 plenis
878 2727 1071 2812 operabatur
1098 2727 1265 2792 affectibus

72 2836 185 2913 ¹illum
215 2837 370 2900 incestum
408 2842 542 2920 paterno
577 2835 730 2918 thalamo,
767 2836 856 2901 illum
893 2836 1088 2920 parricidam
1124 2837 1265 2901 fraterno

94 2946 194 3012 exitio
206 2952 238 3010 et
248 2946 282 3010 in
291 2947 485 3011 comminata
494 2963 654 3011 nouercae
662 2945 761 3012 caede
773 2947 932 3013 sicarium.
955 2946 1265 3029 tantadeniquemi-

39 3061 71 3110 2⁵
93 3058 258 3124 seratione
279 3064 432 3140 tantaque
452 3055 675 3139 indignatione
697 3056 818 3121 curiam
841 3057 900 3123 sed
914 3063 946 3122 et
967 3057 1095 3141 plebem
1117 3073 1265 3120 maerens

91 3167 352 3233 inflammaberat
374 3173 409 3231 ut
430 3172 552 3232 remoto
580 3165 746 3232 iudicandi
774 3166 882 3233 taedio
904 3173 935 3232 et
956 3167 1172 3233 accusationis
1194 3184 1264 3229 ma·

91 3278 221 3344 nifostis
255 3275 500 3363 probationibus
537 3282 569 3342 et
603 3277 825 3361 responsionis
868 3277 1030 3343 meditatis
1074 3275 1265 3359 ambagibus

92 3389 200 3454 cuncti
216 3387 447 3454 conclamarint
466 3385 630 3468 lapidibus
653 3386 800 3452 obrutum
824 3387 985 3471 publicum
1002 3388 1121 3452 malum
1136 3386 1264 3471 publice

92 3498 263 3563 uindicari.

40 3618 72 3666 so
179 3607 387 3690 Magistratus
419 3606 546 3671 interim
581 3613 668 3672 metu
699 3606 833 3692 periculi
861 3607 997 3690 proprii,
1026 3626 1068 3672 ne
1091 3604 1131 3670 de
1152 3605 1263 3690 paruis

91 3717 328 3801 indignationis
350 3716 519 3782 elementis
540 3715 583 3781 ad
606 3717 738 3782 exitium
770 3717 963 3802 disciplinae
992 3716 1194 3800 ciuitatisque
1217 3734 1263 3780 se-

91 3828 172 3894 ditio
194 3827 390 3913 procederet
411 3826 530 3910 partim
552 3825 741 3893 decuriones
764 3826 930 3912 deprecari
951 3827 1069 3913 partim
1090 3828 1262 3912 populares

91 3957 297 4023 compescere
317 3944 353 4002 ut
373 3937 434 4021 rite
455 3944 488 4003 et
508 3956 596 4002 more
618 3937 774 4002 maiorum
802 3937 921 4003 iudicio
948 3936 1072 4002 reddito
1096 3942 1128 4002 et
1156 3935 1262 4000 utrim-

162 4189 177 4237 8
194 4183 278 4253 pholo
296 4181 328 4247 F,
351 4181 434 4251 pbole
456 4200 476 4250 φ
571 4185 586 4234 9
604 4131 717 4234 nolurlld
741 4199 777 4249 p:
801 4179 955 4233 nolurllell
1026 4179 1091 4248 tam]
1110 4183 1166 4233 tani
1185 4178 1219 4243 (b.
1239 4194 1260 4229 c.

89 4280 192 4339 tamen)
209 4275 255 4344 Fp
344 4280 373 4329 10
391 4274 536 4328 mendacul
550 4274 601 4343 sp:
618 4272 754 4327 mendacrl
770 4277 801 4326 at
817 4272 871 4326 aid.
889 4273 918 4326 F
985 4277 1014 4326 16
1034 4272 1165 4341 lobolrls
1230 4275 1259 4322 17

89 4370 201 4424 fuerant
218 4368 241 4437 f
282 4411 285 4414 .
1195 4367 1200 4376 ·
