2934 4900
519 245 591 293 cnr.
615 246 792 293 xvmxvru
1174 231 1232 290 145

5 384 37 452 191
58 398 215 462 timorem
238 398 328 462 illum
351 399 429 464 satis
450 400 581 462 inanem
603 399 761 483 perfuncti
783 399 879 481 longe
893 397 1020 482 peiores
1035 396 1233 462 inhaesimus

58 509 207 591 laqueos.
244 529 321 572 nam
357 509 425 594 lupi
462 510 595 576 forsitan
626 510 787 575 consertae
814 508 990 574 iuuentutis
1019 509 1154 592 strepitu
1181 508 1233 571 uel

60 624 150 682 certe
170 618 274 684 nimia
296 619 366 684 luce
387 619 587 686 flammarum
611 619 755 685 deterriti
777 620 829 685 uel
850 619 948 683 etiam
969 619 1122 684 aliorsum
1145 637 1232 701 gras

56 733 134 792 sant
136 747 173 793 es
122 729 277 793 tnulli
300 736 373 795 cont
374 749 411 794 ra
438 750 497 795 nos
526 730 648 795 aditum
676 731 817 795 ttuleruu
804 736 882 795 tac
910 751 952 796 ne
979 731 1089 813 procul
1119 729 1249 794 saltem

22 840 115 902 tulli
139 847 397 921 comparuerant.
430 841 527 905 uillae
549 859 635 926 uero,
658 861 755 924 quam
769 849 844 906 tunc
865 841 947 907 forte
967 839 1231 925 praeteribamus,
1253 829 1350 897 XVII

56 949 169 1013 coloni
191 949 427 1050 multitudinem
449 960 591 1017 nostram
620 954 764 1018 latrones
785 952 847 1017 rati
870 951 948 1017 satis
970 956 1104 1033 agentes
1125 969 1231 1014 rerum

5 1102 6 1112 r
55 1080 191 1123 suarum
221 1060 403 1144 eximieque
434 1061 551 1146 trepidi
584 1083 681 1129 canes
708 1061 840 1128 rabidos
869 1067 901 1126 et
932 1062 1088 1126 immanes
1111 1067 1143 1124 et
1165 1060 1232 1142 qui-

57 1169 176 1235 busuis
197 1170 284 1254 lupis
307 1178 338 1235 et
358 1172 444 1238 ursis
467 1172 648 1255 saeuiores,
681 1193 761 1254 quos
784 1172 827 1238 ad
852 1174 973 1238 tutelae
994 1169 1159 1255 praesidia
1180 1189 1231 1232 cu-

11 1405 38 1454 lo
57 1390 196 1455 uocibus
219 1390 313 1457 nobis
343 1392 559 1476 inhortantur,
594 1394 648 1478 qui
679 1401 808 1478 praeter
835 1394 1009 1477 genuinam
1037 1391 1232 1456 ferocitatem
1288 1415 1294 1424 ·

59 1503 200 1566 tumultu
224 1521 353 1567 suorum
376 1505 560 1588 exasperati
575 1512 687 1570 contra
701 1525 761 1571 nos
776 1511 872 1569 ruunt
886 1511 919 1568 et
932 1502 1074 1586 undique
1096 1503 1232 1565 laterum

58 1612 245 1676 circumfusi
273 1614 396 1695 passim
425 1614 569 1680 insiliunt
591 1635 628 1679 ac
652 1615 722 1681 sine
744 1617 809 1679 ullo
833 1615 951 1679 dilectu
972 1613 1115 1678 iumenta
1137 1611 1232 1677 simul

57 1731 89 1788 et
128 1722 280 1789 homines
314 1725 468 1789 lacerant
493 1724 612 1808 diuque
641 1727 781 1808 grassati
817 1727 986 1810 plerosque
1018 1726 1231 1809 prosteruunt.

57 1853 211 1900 cerneres
241 1854 306 1919 uon
340 1841 405 1898 tam
433 1835 587 1900 Hercules
616 1835 857 1904 memorandum
887 1854 983 1917 quam
1013 1832 1233 1898 miserandum

13 1961 39 2008 15
58 1947 158 2009 etiam
182 1946 400 2028 spectaculum
422 1964 520 2010 canes
549 1946 693 2031 copiosos
723 1946 912 2011 ardentibus
939 1945 1056 2010 animis
1084 1943 1166 2008 alios
1187 1944 1233 2007 tu-

57 2058 189 2138 gientes
211 2056 353 2138 arripere
362 2075 380 2137 ,·
398 2057 479 2120 alios
512 2057 671 2121 stantibus
692 2057 877 2130 inhaerere,
914 2055 1069 2137 quosdam
1090 2054 1233 2118 iacentes

58 2166 247 2232 inscindere
276 2174 308 2232 et
340 2186 398 2251 per
426 2187 553 2232 omnem
581 2173 725 2232 nostrum
754 2172 966 2231 commeatum
987 2165 1146 2229 morsibus
1168 2183 1233 2226 am-

60 2278 186 2342 bulare.
226 2296 299 2341 eece
322 2283 410 2342 tanto
433 2277 574 2362 periculo
597 2279 716 2342 malum
739 2277 844 2343 maius
865 2276 1052 2360 insequitur.
1089 2273 1233 2339 desum·

59 2387 123 2453 mis
147 2387 235 2453 enim
258 2388 350 2455 tectis
374 2388 473 2455 aede
496 2408 651 2472 proxumo
679 2389 760 2455 colle
783 2386 938 2454 rusticani
964 2385 1011 2451 illi
1034 2405 1115 2452 saxa
1137 2403 1235 2469 super

12 2508 41 2557 to
60 2519 120 2565 nos
151 2497 269 2582 raptim
294 2499 468 2563 deuoluunt
496 2507 530 2565 ut
563 2499 745 2565 discernere
778 2520 908 2583 prorsus
935 2496 1142 2580 nequiremus
1170 2516 1235 2579 qua

60 2608 265 2693 potissimum
289 2628 475 2673 caneremus
497 2609 602 2691 clade,
624 2612 811 2676 comminus
839 2628 954 2674 canum
977 2627 1020 2671 au
1043 2607 1167 2672 eminus
1189 2608 1234 2670 la-

61 2720 186 2803 pidum.
217 2738 350 2802 quorum
373 2719 502 2802 quidem
525 2740 608 2786 unus
631 2729 730 2805 caput
748 2720 906 2801 mulieris,
930 2737 1013 2801 quae
1036 2737 1139 2782 meum
1163 2716 1234 2780 dor·

60 2852 131 2894 sum
155 2828 484 2922 residebat'repente
505 2831 673 2915 percussit.
718 2851 780 2913 quo
809 2830 919 2894 dolore
948 2834 1105 2892 commota
1127 2827 1233 2891 statim

61 2941 140 3007 fletu
164 2960 236 3004 oum
259 2942 396 3005 clamore
419 2942 545 3007 sublato
569 2942 717 3004 maritum
748 2961 839 3005 suum
867 2947 1027 3023 pastorem
1050 2938 1139 3001 illum
1163 2957 1235 3019 sup·

15 3052 42 3101 25
61 3053 221 3136 petiatum
244 3051 315 3117 ciet.
350 3059 383 3115 at
404 3052 459 3115 ille
481 3051 576 3116 deum
598 3051 693 3115 fidem
717 3050 886 3116 clamitans
909 3057 940 3114 et
961 3068 1104 3113 cruorem
1126 3046 1235 3111 uxoris
1258 3041 1366 3106 XVIII

62 3163 255 3245 abstergens
278 3162 374 3227 altius
397 3162 569 3245 quiritabat

148 3266 248 3350 ‘Quid
270 3272 404 3338 miseros
427 3272 574 3337 homines
597 3280 627 3337 et
649 3271 827 3337 laborIosos
849 3272 990 3336 uiatores
1013 3276 1078 3333 tam
1101 3265 1237 3331 crudeli-

61 3384 123 3449 bus
149 3382 268 3448 auimis
290 3382 445 3447 inuaditis
475 3389 572 3467 atque
601 3383 768 3447 obtentis?
812 3401 892 3465 quas
914 3380 1052 3465 praedas
1080 3375 1236 3442 inhiatis?

65 3512 150 3576 quae
174 3492 292 3559 damna
315 3493 509 3559 uindicatis?
548 3500 580 3557 at
608 3513 672 3557 non
694 3494 864 3577 speluncas
893 3492 1030 3555 ferarum
1052 3488 1106 3553 uel
1128 3494 1237 3552 cautes

16 3612 45 3663 oo
63 3603 205 3668 incolitis
227 3603 439 3668 barbarorum
475 3610 508 3668 ut
541 3603 680 3667 humano
714 3602 870 3685 sanguine
892 3600 1024 3685 profuso
1045 3589 1233 3682 gaudeatis'

66 3715 121 3777 uix
144 3713 225 3778 haec
247 3713 333 3777 diota
361 3721 393 3778 et
421 3714 525 3779 statim
555 3713 696 3798 lapidum
727 3719 898 3795 congestus
920 3710 1059 3775 cessauit
1080 3708 1183 3772 imber
1205 3714 1237 3771 et

65 3824 255 3887 infestorum
278 3844 392 3888 canum
414 3832 565 3889 reuocata
587 3824 770 3907 conquieuit
791 3822 940 3905 procella.
969 3840 1051 3885 unus
1073 3819 1162 3882 illinc
1184 3817 1236 3881 de-

66 3934 165 4019 nique
188 3931 228 3997 de
251 3955 373 3999 summo
389 3954 561 4018 cupressus
576 3934 741 3999 cacumine
757 3933 800 3997 ad
814 3953 873 3998 nos
895 3932 998 4014 inquit
1016 3924 1093 3993 ‘nou
1116 3933 1236 3992 uestro-

135 4174 258 4242 lineum
270 4171 297 4224 F
330 4175 345 4225 9
356 4171 485 4238 cuiusque
495 4169 567 4223 modi
577 4170 678 4241 screpsi
683 4188 691 4218 .·
702 4166 881 4221 cuiuscemodi
890 4166 934 4234 Fp
972 4170 1001 4217 tt
1011 4156 1194 4217 miserarandri
1206 4161 1235 4212 F‘

63 4270 96 4319 26
119 4264 271 4333 abstergens
288 4284 321 4333 o:
341 4265 459 4331 abageni
467 4262 496 4316 F
570 4266 602 4315 28
618 4262 725 4315 inhiatis
742 4262 854 4331 corigia.-
871 4258 981 4312 munrtri
995 4257 1087 4323 35ch
1108 4255 1154 4324 (cs.
1165 4256 1236 4307 aa33

64 4377 121 4414 nou
140 4363 292 4413 uestrorum
310 4358 455 4426 spoliorum
474 4356 607 4425 cupidine)
626 4355 726 4423 punitis
743 4354 858 4409 coniecit
877 4350 1085 4419 Oudendorpr‘as

117 4454 238 4494 nevumvs
1002 4441 1032 4488 lo
